2619 4349
363 426 477 483 112
964 435 1025 486 T.
1060 434 1471 486 POMPONIUS
1505 433 1830 484 ATTlcUs.

478 595 663 671 inquit
709 595 1079 672 Pomponius,
1124 594 1427 652 adversam
1465 614 1553 652 eos
1602 613 1682 650 me
1730 594 1864 650 velle
1912 592 2132 665 ducere,
2179 612 2302 650 cum

475 692 677 768 quibus
706 712 771 749 ne
816 700 1016 748 contra
1059 700 1111 749 te
1154 709 1318 747 arma
1342 688 1585 766 ferrem,
1629 689 1869 745 Italiam
1912 688 2137 764 reliqui.
2222 688 2304 746 At

476 786 657 857 Sulla,
712 785 1094 843 adolescentis
1147 784 1338 842 officio
1404 784 1751 856 collaudato,
1807 783 2003 841 omnia
2056 801 2302 839 munera

475 880 549 951 ei,
579 900 705 954 quae
756 881 1005 938 Athenis
1050 891 1374 956 acceperat,
1421 879 1795 955 proficiscens
1846 877 2015 953 jussit
2069 876 2298 935 deferri.

397 975 437 1030 5
478 973 598 1032 Hic,
643 977 966 1052 complures
1012 995 1194 1034 annos
1236 986 1510 1048 moratus,
1565 993 1742 1049 quum
1796 986 1854 1031 et
1902 973 1985 1030 rei
2034 972 2305 1031 familiari

477 1080 701 1128 tantum
744 1090 931 1147 operae
982 1072 1164 1144 daret,
1210 1082 1488 1145 quantum
1536 1089 1653 1126 non
1704 1068 2015 1144 indiligens
2064 1068 2300 1125 deberet

475 1166 909 1241 paterfamiliaS‚
939 1177 996 1223 et
1024 1166 1219 1223 omnia
1247 1165 1468 1239 reliqua
1494 1176 1752 1239 tempora
1803 1174 1900 1220 aut
1948 1162 2154 1220 litteris
2202 1173 2302 1218 aut

477 1261 926 1319 Atheniensium
954 1261 1286 1337 reipublicae
1329 1260 1626 1331 tribueret,
1672 1259 2048 1316 nihilominus
2097 1257 2301 1315 amicis
2368 1253 2373 1258 ’

474 1357 698 1413 urbana
751 1356 942 1414 officia
996 1355 1273 1430 praestitit.
1358 1353 1515 1411 Nam
1571 1365 1629 1411 et
1684 1355 1756 1410 ad
1812 1352 2049 1411 comitia
2101 1372 2302 1410 eorum

365 1451 436 1509 10
475 1438 792 1522 ventitavit,
848 1463 906 1508 et
959 1451 1007 1507 si
1061 1469 1174 1525 qua
1216 1469 1308 1507 res
1357 1450 1537 1524 major
1587 1460 1717 1506 acta
1765 1461 1872 1520 est,
1918 1468 2032 1506 non
2083 1449 2299 1506 defuit:

476 1545 626 1603 sicut
654 1544 926 1603 Ciceroni
975 1545 1035 1601 in
1078 1545 1347 1602 omnibus
1397 1543 1574 1622 [ejus]
1626 1543 1900 1620 periculis
1948 1543 2300 1619 singularem

475 1641 649 1697 fidem
703 1640 987 1716 praebuit3
1056 1639 1152 1696 cui
1222 1659 1295 1696 ex
1363 1639 1546 1714 patria
1611 1639 1855 1714 fugienti
1910 1639 2301 1697 sestertiorum
2372 1622 2379 1631 ⁶

475 1735 728 1792 ducenta
768 1746 826 1792 et
869 1734 1286 1810 quinquaginta
1328 1734 1508 1791 millia
1550 1733 1800 1791 donavit.
1883 1733 2300 1808 Tranquillatis

476 1842 667 1888 autem
716 1831 887 1887 rebus
929 1831 1258 1906 remigravit
1307 1829 1578 1902 Romam,
1627 1841 1692 1887 ut
1738 1830 1958 1906 opinor,
2014 1830 2083 1887 L.
2126 1831 2300 1888 Cotta

362 1927 435 1983 15
475 1937 534 1983 et
582 1926 648 1983 L.
705 1925 1002 2001 Torquato
1050 1926 1440 1983 Consulibus:
1482 1944 1653 1999 quem
1698 1925 1851 1982 diem
1897 1924 1982 1982 sic
2027 1925 2298 1983 universa

474 2020 677 2078 civitas
707 2020 1155 2078 Atheniensium
1184 2032 1493 2097 prosecuta
1519 2031 1626 2093 est,
1657 2031 1721 2078 ut
1747 2020 2002 2078 lacrimis
2024 2020 2298 2078 desiderii

473 2116 651 2174 futuri
679 2117 932 2176 dolorem
963 2117 1269 2176 indicaret.

551 2212 624 2269 V.
709 2212 982 2271 Habebat
1011 2213 1356 2271 avunculum
1390 2212 1456 2269 L.
1501 2211 1826 2284 Caecilium,
1875 2210 2127 2285 equitem
2178 2210 2300 2269 Ro-

472 2325 729 2380 manum,
786 2308 1125 2365 familiarem
1180 2307 1248 2364 L.
1304 2306 1558 2379 Luculli,
1633 2306 1888 2379 divitem,
1956 2304 2299 2363 difficillima

353 2402 434 2460 20
474 2402 717 2478 natura:
776 2402 944 2479 cujus
1001 2403 1086 2460 sic
1142 2401 1508 2478 asperitatem
1563 2401 1778 2459 veritus
1831 2411 1937 2473 est,
1985 2413 2069 2473 ut,
2124 2420 2296 2475 quem

473 2516 645 2555 nemo
683 2498 829 2555 ferre
872 2508 1084 2575 posset,
1135 2498 1306 2573 hujus
1355 2496 1480 2554 sine
1528 2496 1845 2554 offensione
1898 2497 1969 2552 ad
2014 2515 2298 2554 summam

473 2603 831 2652 senectutem
874 2592 1176 2651 retinuerit
1227 2591 1705 2650 benevolentiam.
1788 2591 1929 2653 Quo
1972 2592 2125 2649 sacto
2167 2591 2299 2649 tulit

471 2689 703 2765 pietatis
747 2689 1013 2746 fructum.
1118 2687 1393 2744 Caecilius
1446 2687 1602 2744 enim
1659 2686 1908 2745 moriens
1950 2697 2297 2744 testamento

473 2782 762 2858 adoptavit
790 2801 942 2854 eum,
985 2783 1369 2857 heredemque
1414 2782 1550 2840 fecit
1592 2801 1665 2838 ex
1711 2782 2026 2839 dodrante:
2071 2801 2143 2839 ex
2183 2782 2296 2856 qua

235 2917 250 2918 κ
352 2877 433 2934 25
473 2876 790 2933 hereditate
847 2876 1071 2951 accepit
1139 2877 1368 2933 circiter
1423 2876 1645 2933 centies
1707 2876 2049 2934 sestertium.
2150 2877 2293 2935 Erat

471 2982 652 3047 nupta
694 2991 850 3028 soror
887 2971 1069 3029 Attici
1097 2971 1177 3033 Q.
1209 2970 1409 3029 Tullio
1455 2972 1762 3029 Ciceroni:
1805 2990 2016 3046 easque
2064 2972 2295 3047 nuptias

448 3065 555 3122 -Μ,
599 3066 809 3124 Cicero
838 3066 1195 3137 conciliarat,
1227 3086 1361 3123 cum
1389 3087 1501 3141 quo
1525 3086 1559 3123 a
1580 3065 2041 3141 condiscipulatu
2066 3066 2292 3123 vivebat

470 3160 967 3235 conjunctissime,
1024 3159 1205 3217 multo
1277 3161 1451 3218 etiam
1517 3159 1875 3232 familiariuS,
1931 3159 2104 3235 quam
2159 3181 2291 3218 cum

469 3254 742 3314 Quinto:
811 3267 874 3313 ut
938 3255 1188 3329 judicari
1241 3256 1440 3329 possit,
1494 3254 1625 3331 plus
1676 3255 1733 3311 in
1791 3255 2047 3314 amicitia
2105 3257 2294 3314 valere

297 3389 302 3392 ι
353 3348 431 3407 30
472 3348 908 3407 similitudinem
984 3368 1226 3421 morum,
1302 3346 1476 3423 quam
1547 3350 1900 3408 affinitatem.
2010 3350 2293 3409 Utebatur

473 3456 664 3502 autem
721 3442 921 3502 intime
971 3446 1051 3505 Q.
1112 3444 1445 3514 Hortensio,
1485 3444 1582 3518 qui
1627 3444 1697 3502 iis
1739 3444 2090 3520 temporibus
2141 3446 2294 3520 prin-

470 3539 725 3614 cipatum
780 3540 1119 3614 eloquentiae
1174 3540 1449 3597 tenebat:
1507 3551 1571 3596 ut
1619 3539 1862 3615 intelligi
1916 3558 2033 3596 non
2081 3552 2291 3615 posset.

471 3645 599 3691 uter
627 3652 759 3690 eum
807 3633 938 3709 plus
986 3633 1271 3710 diligeret,
1302 3634 1512 3690 Cicero
1559 3652 1631 3690 an
1683 3634 2069 3691 Hortensius:
2112 3646 2171 3694 et
2215 3635 2292 3707 id,
