2619 4349
324 769 567 846 vestigia
585 773 875 833 servitutis
896 791 1216 838 manerent.
1297 781 1506 843 Quum
1533 785 1710 843 tantis
1731 797 1884 844 esset
1918 787 2147 863 opibus,

323 874 388 922 ut
414 864 590 923 etiam
618 866 811 927 invitis
839 869 1121 947 imperare
1146 887 1361 950 posset,
1390 888 1617 936 tantum
1668 892 1861 938 autem
1909 882 2151 940 haberet

324 977 575 1018 amorem
603 964 861 1021 omnium
891 967 1240 1043 Siculorum,
1258 983 1343 1043 ut,
1368 972 1530 1031 nullo
1550 986 1880 1047 recusante,
1904 994 2149 1051 regnum
2187 977 2229 1034 ⁵

320 1054 626 1130 obtineret,
669 1060 872 1119 maluit
900 1082 962 1120 se
991 1063 1177 1139 diligi,
1206 1063 1379 1140 quam
1417 1066 1617 1124 metui.
1700 1066 1927 1144 Itaque,
1969 1089 2149 1144 quum

318 1149 567 1226 primum
593 1155 798 1229 potuit,
829 1155 1133 1232 imperium
1161 1159 1448 1235 deposuit,
1469 1172 1530 1220 et
1548 1161 1805 1237 privatus
1824 1163 2149 1238 Syracusis,

319 1247 472 1320 quod
500 1249 779 1324 reliquum
808 1250 937 1310 vitae
967 1253 1095 1327 fuit,
1124 1254 1282 1313 vixit.
1364 1255 1574 1332 Neque
1595 1256 1731 1315 vero
1774 1257 1834 1314 id
1882 1257 2147 1335 imperite

324 1342 479 1402 fecit.
563 1343 720 1402 Nam
762 1348 913 1422 quod
955 1350 1152 1407 caeteri
1191 1370 1361 1427 reges
1390 1351 1631 1428 imperio
1670 1365 2002 1429 potuerunt,
2053 1356 2151 1415 hic

321 1435 723 1499 benevolentia
750 1444 955 1502 tenuit.
1039 1444 1255 1504 Nullus
1284 1448 1469 1506 honos
1512 1449 1651 1506 huic
1688 1450 1875 1510 defuit
1896 1472 1912 1522 ς
1957 1471 2146 1527 neque
2192 1454 2267 1512 10

319 1546 518 1609 postea
545 1555 636 1593 res
658 1536 776 1595 ulla
805 1539 1110 1614 Syracusis
1136 1554 1302 1617 gesta
1329 1554 1418 1601 est
1444 1542 1701 1619 publice,
1730 1544 1804 1602 de
1846 1546 1962 1621 quii.
1988 1546 2150 1622 prius

320 1628 397 1686 sit
451 1631 767 1706 decretum,
816 1632 990 1710 quam
1059 1635 1449 1696 Timoleontis
1524 1639 1817 1696 sententia
1889 1641 2146 1716 cognita.

319 1722 553 1784 Nullius
581 1747 834 1802 unquam
862 1730 1169 1789 consilium
1197 1752 1315 1791 non
1344 1732 1517 1791 modo
1549 1735 1887 1808 antelatum,
1927 1737 2029 1793 sed
2071 1756 2148 1795 ne

319 1834 713 1897 comparatum
742 1823 974 1900 quidem
1002 1838 1108 1884 est.
1193 1826 1403 1904 Neque
1433 1827 1492 1885 id
1520 1829 1710 1906 magis
1742 1830 2149 1889 benevolentia

322 1914 541 1974 factum
570 1912 678 1992 est,
707 1918 880 1995 quum
907 1922 1235 1998 prudentia.
2192 1929 2267 1986 15

396 2010 502 2070 IV.
585 2013 704 2072 Hic
730 2036 906 2091 quum
936 2029 1105 2076 aetate
1128 2018 1247 2095 jam
1276 2031 1583 2094 provectus
1630 2030 1804 2093 esset,
1855 2019 1983 2077 sine
2030 2020 2150 2079 ullo

317 2109 516 2166 morbo
541 2110 763 2169 lumina
787 2113 1085 2171 oculorum
1116 2113 1325 2172 amisit.
1408 2115 1609 2178 Quam
1638 2113 2029 2173 calamitatem
2068 2114 2152 2173 ita

316 2205 610 2266 moderate
640 2208 790 2282 tulit,
818 2221 883 2267 ut
912 2229 1100 2286 neque
1127 2230 1263 2269 eum
1290 2224 1629 2288 querentem
1659 2211 1960 2288 quisquam
1991 2210 2152 2269 audi-

315 2301 446 2375 erit,
474 2322 661 2377 neque
689 2303 759 2361 eo
790 2303 983 2362 minus
1009 2305 1246 2382 privatis
1292 2307 1655 2383 publicisque
1694 2308 1868 2366 rebus
1911 2307 2150 2366 interfu-

314 2396 442 2455 erit.
525 2398 813 2458 Veniebat
843 2411 1035 2458 autem
1063 2401 1123 2458 in
1152 2403 1462 2475 theatrum,
1492 2422 1668 2478 quum
1708 2402 1789 2460 ibi
1832 2402 2148 2461 concilium
2186 2402 2267 2460 20

313 2492 513 2569 populi
541 2493 868 2569 haberetur,
911 2507 1141 2571 propter
1187 2495 1578 2553 valetudinem
1629 2507 1828 2553 vectus
1870 2495 2149 2571 jumentis

310 2587 553 2663 junctiS,
579 2599 747 2664 atque
777 2588 857 2646 ita
883 2590 957 2646 de
985 2589 1273 2662 vehiculo,
1303 2609 1430 2665 quae
1485 2589 1846 2661 videbantur,
1871 2590 2103 2647 dicebat
2126 2609 2142 2659 ;

316 2702 504 2757 neque
534 2683 645 2740 hoc
669 2683 749 2741 illi
770 2684 1073 2760 quisquam
1095 2684 1387 2742 tribuebat
1409 2683 1716 2761 superbiae.
1802 2683 1967 2741 Nihil
1991 2683 2149 2742 enim

292 2773 567 2851 'unquam
617 2797 803 2853 neque
855 2779 1109 2837 insolens
1156 2799 1346 2854 neque
1390 2779 1703 2856 gloriosum
1751 2799 1825 2836 ex
1875 2799 1975 2837 ore
2021 2779 2149 2855 ejus

316 2871 473 2929 exiit.
556 2872 682 2933 Qui
709 2873 964 2947 quidem,
992 2893 1171 2949 quum
1196 2893 1331 2931 suas
1353 2875 1555 2932 laudes
1580 2875 1804 2931 audiret
1820 2874 2144 2950 praedicari,
2185 2874 2266 2931 25

317 2986 611 3041 nunquam
666 2967 820 3024 aliud
877 2967 1040 3040 dixit,
1089 2966 1262 3042 quam
1314 2987 1376 3024 se
1427 2967 1487 3023 in
1534 2968 1607 3024 ea
1636 2987 1697 3024 re
1725 2967 2006 3023 maximas
2035 2966 2147 3023 diis

296 3062 529 3137 'gratias
560 3081 729 3137 agere
761 3073 929 3136 atque
959 3062 1194 3134 habere,
1222 3060 1400 3134 quod,
1446 3079 1623 3135 quum
1670 3059 1931 3117 Siciliam
1963 3078 2151 3117 recre-

318 3175 411 3213 are
441 3157 897 3229 constituissent,
927 3167 1050 3215 tum
1080 3177 1141 3214 se
1169 3153 1534 3232 potissimum
1563 3154 1773 3210 ducem
1817 3172 1945 3210 esse
1993 3154 2150 3212 volu-

317 3251 513 3309 issent.
623 3251 787 3309 Nihil
844 3252 1001 3309 enim
1050 3271 1241 3308 rerum
1299 3252 1684 3307 humanarum
1733 3247 1860 3305 sine
1906 3249 2146 3306 deorum

315 3348 555 3405 numine
610 3348 733 3424 geri
801 3348 1058 3424 putabat.
1169 3346 1374 3421 Itaque
1450 3363 1568 3401 suae
1639 3342 1796 3400 domi
1868 3345 2145 3402 sacellum
2185 3346 2265 3403 30

328 3445 385 3494 A
392 3447 669 3502 vrouartag
699 3442 1098 3514 constituerat,
1131 3441 1300 3516 idque
1331 3436 1695 3496 sanctissime
1727 3438 1970 3496 colebat.

393 3536 466 3593 V.
553 3538 646 3594 Ad
679 3539 832 3594 hanc
883 3536 1135 3595 hominis
1182 3534 1565 3591 excellentem
1613 3531 1931 3591 bonitatem
1978 3531 2148 3589 mira-

317 3632 463 3690 biles
493 3644 866 3690 accesserunt
894 3651 1083 3688 casus,
1168 3628 1323 3685 Nam
1353 3627 1554 3703 proelia
1575 3626 1828 3683 maxima
1850 3625 2029 3682 natali
2051 3625 2147 3683 die

2119 3829 2262 3918 f
