2619 4349
1087 355 1480 405 HANNIBAL.
2232 349 2313 406 99

358 513 755 572 Hannibalem
795 512 960 572 tanto
999 515 1334 591 praestitisse
1375 526 1616 574 coeteros
1657 520 2031 591 imperatores
2065 535 2194 591 pru-

355 609 576 682 dentia,
605 607 822 685 quanto
870 611 1114 686 populus
1162 610 1470 668 Romanus
1520 612 1827 669 antecedat
1857 611 2190 669 fortitudine

356 717 603 764 cunctas
650 705 931 764 nationes.
1038 705 1193 764 Nam
1237 707 1714 782 quotiescumque
1764 727 1898 765 cum
1943 727 2013 765 eo
2056 726 2192 765 con·

356 819 590 877 gressus
617 813 704 859 est
734 801 793 857 in
835 800 1028 873 Italia,
1072 821 1297 877 semper
1340 801 1607 859 discessit
1649 801 1923 877 superior.
2005 800 2190 864 Quod

356 895 470 954 nisi
499 896 654 954 domi
692 896 906 953 civium
947 915 1182 955 suorum
1223 896 1442 954 invidia
1483 897 1818 956 debilitatus
1858 909 2031 970 esset,
2063 898 2192 978 ‚Ro-
2230 899 2271 954 5

357 1010 560 1049 manos
613 993 903 1050 videretur
966 1012 1239 1068 superare
1304 992 1613 1068 potuisse·
1693 993 1809 1049 Sed
1881 993 2190 1051 multorum

355 1086 698 1144 obtrectatio
749 1087 964 1145 devicit
1003 1087 1178 1144 unius
1219 1087 1504 1144 virtutem.
1609 1086 1728 1143 Hic
1788 1098 1979 1143 autem
2038 1088 2191 1144 velut

358 1180 677 1237 hereditate
706 1181 974 1239 relictum
1005 1181 1202 1239 odium
1230 1193 1537 1258 paternum
1580 1201 1720 1258 erga
1761 1182 2064 1239 Romanos
2106 1182 2189 1238 sic

357 1275 738 1348 confirmavit,
769 1288 833 1333 ut
858 1275 1019 1352 prius
1061 1276 1335 1349 animam,
1363 1274 1538 1351 quam
1569 1276 1647 1347 id,
1678 1276 2008 1353 deposuerit
2033 1296 2045 1334 :
2090 1295 2188 1352 qut

354 1372 609 1446 quidem,
638 1391 814 1447 quum
842 1373 1028 1449 patria
1052 1374 1252 1449 pulsus
1280 1386 1454 1446 esset,
1478 1385 1537 1433 et
1561 1375 1878 1432 alienarum
1900 1394 2074 1450 opum
2106 1374 2190 1430 in·
2234 1376 2307 1432 10

354 1467 598 1542 digeret,
626 1487 924 1542 nunquam
952 1468 1236 1527 destiterit
1266 1468 1461 1528 animo
1480 1470 1693 1527 bellare
1721 1489 1855 1527 cum
1880 1470 2185 1528 Romanis.

434 1562 516 1618 ΙΙ.
600 1561 757 1620 Nam
797 1575 862 1622 ut
900 1563 1161 1623 omittam
1203 1565 1556 1641 Philippum,
1587 1585 1756 1641 quem
1802 1566 2012 1623 absens
2060 1566 2189 1623 hos-

354 1667 473 1714 tem
500 1657 752 1716 reddidit
795 1659 1116 1729 Romanis;
1160 1660 1420 1717 omnium
1465 1660 1554 1718 his
1595 1661 1949 1737 temporibus
1990 1673 2187 1737 poten-

353 1751 610 1809 tissimus
664 1772 768 1810 rex
824 1754 1154 1812 Antiochus
1210 1755 1335 1813 fuit.
1421 1756 1601 1812 Hunc
1657 1757 1818 1813 tanta
1869 1757 2186 1832 cupiditate

352 1846 616 1905 incendit
656 1848 932 1921 bellandi,
961 1860 1026 1908 ut
1070 1869 1248 1925 usque
1278 1869 1314 1907 a
1340 1850 1514 1908 rubro
1554 1850 1698 1906 mari
1743 1869 1901 1908 arma
1942 1864 2185 1909 conatus
2231 1854 2305 1910 15

351 1945 429 2004 sit
451 1945 663 2003 inferre
704 1944 908 2005 Italiae.
992 1947 1087 2004 Ad
1131 1966 1302 2023 quem
1332 1966 1508 2022 quum
1537 1946 1715 2023 legati
1742 1946 2038 2006 venissent
2067 1949 2187 2007 Ro-

351 2040 532 2113 mani,
587 2040 686 2115 qui
740 2042 813 2098 de
869 2041 995 2117 ejus
1056 2043 1351 2100 voluntate
1413 2042 1797 2117 explorarent,
1866 2042 2184 2117 darentque

349 2158 586 2217 operam
615 2139 875 2199 consiliis
916 2140 1314 2214 clandestinis,
1359 2151 1421 2199 ut
1462 2140 1859 2199 Hannibalem
1902 2140 1961 2199 in
2003 2140 2186 2217 suspi-

350 2235 584 2293 cionem
627 2235 753 2312 regi
796 2237 1172 2311 adducerent,
1216 2249 1493 2312 tanquam
1536 2238 1609 2295 ab
1659 2236 1797 2313 ipsis
1852 2250 2184 2314 corruptum

351 2332 467 2389 alia
517 2343 685 2407 atque
730 2344 901 2390 antea
949 2332 1199 2403 sentire3
1266 2352 1455 2408 neque
1511 2332 1569 2389 id
1620 2330 1829 2390 frustra
1886 2332 2179 2405 fecissent,
2222 2332 2304 2391 20

350 2424 526 2501 idque
568 2425 868 2483 Hanniba]
898 2427 1289 2503 comperisset,
1321 2446 1496 2502 seque
1527 2428 1599 2484 ab
1641 2426 2009 2485 interioribus
2050 2447 2187 2485 con-

278 2511 295 2520 *
347 2519 496 2578 siliis
537 2521 831 2598 segregari
873 2521 1141 2579 vidisset:
1183 2535 1440 2598 tempore
1483 2523 1621 2580 dato
1664 2521 1806 2579 adiit
1849 2522 1919 2578 ad
1964 2541 2181 2598 regem,

346 2616 518 2692 eique
566 2636 743 2692 quum
787 2618 968 2675 multa
1021 2618 1093 2674 de
1142 2617 1256 2674 fide
1306 2618 1433 2689 sua,
1483 2629 1542 2676 et
1593 2616 1727 2676 odio
1777 2616 1835 2673 in
1883 2616 2184 2676 Romanos

347 2713 878 2787 commemorasset,
909 2714 1019 2772 hoc
1050 2712 1345 2789 adjunxit:
1388 2712 1601 2786 Pater,
1633 2713 1838 2788 inquit,
1867 2733 2017 2771 meus
2047 2713 2183 2771 Ha·

348 2808 572 2880 milcar,
617 2810 861 2884 puerulo
914 2829 1013 2882 me,
1064 2817 1257 2885 utpote
1311 2828 1424 2867 non
1468 2807 1715 2885 amplius
1769 2830 1960 2868 novem
2003 2830 2181 2868 annos
2222 2811 2302 2870 25

349 2911 508 2974 nata,
555 2905 617 2960 in
658 2904 1018 2980 IIispaniam
1059 2905 1371 2980 imperator
1400 2904 1775 2980 prqfi'ciscens
1822 2903 2184 2979 Carthagine

346 2998 489 3055 Jovi
538 2999 773 3075 Optimo
816 2999 1071 3057 IWIazimo
1112 3000 1331 3058 hostias
1372 2999 1699 3056 immolavit.
1792 2998 1942 3066 Qua,-
1979 2999 2183 3055 divina

348 3115 441 3153 res
484 3095 612 3152 dum
656 3096 1080 3173 conficiebatur,
1111 3096 1377 3172 quoesivit
1406 3114 1444 3151 a
1470 3114 1571 3167 me,
1601 3094 1859 3151 vellemne
1899 3113 2080 3151 secum
2119 3095 2182 3150 in

348 3202 546 3251 castra
579 3193 896 3271 proficisci.
1010 3192 1093 3249 Id
1128 3211 1296 3267 quum
1338 3189 1574 3248 libenter
1614 3189 1969 3264 accepissem,
2013 3198 2182 3265 atque

348 3292 421 3350 ab
471 3313 532 3350 eo
577 3300 770 3369 petere
826 3290 1131 3365 coepissem,
1187 3308 1255 3345 ne
1311 3286 1604 3344 dubitaret
1644 3284 1864 3357 ducere,
1908 3293 2024 3342 tum
2065 3286 2178 3360 ille,
2220 3287 2301 3346 30

348 3386 643 3463 ‘faciam,'
675 3387 884 3462 inquit,
915 3390 931 3415 ‘
952 3384 1005 3441 si
1011 3382 1195 3459 fidem
1221 3382 1382 3453 mihi,
1425 3399 1594 3456 quam
1624 3380 1877 3456 postule,
1920 3380 2178 3440 dederis!

347 3484 539 3541 Simul
559 3504 640 3542 me
669 3483 752 3540 ad
774 3502 938 3540 aram
966 3479 1228 3552 adduzit,
1261 3477 1424 3554 apud
1448 3496 1616 3553 quam
1647 3477 1981 3554 sacrificare
2014 3478 2179 3537 insti-

347 3589 559 3653 tuerat,
608 3600 853 3655 eamque,
886 3577 1103 3635 coeteris
1148 3575 1395 3646 remotis,
1429 3582 1698 3632 tenentem
1725 3573 1940 3649 jurare
1967 3573 2177 3650 jussit,
