2619 4349
1099 430 1430 482 PHOCION.
2212 420 2292 480 89

340 602 475 652 sunt
509 592 737 670 futuri,
790 593 915 650 nolo
961 592 1094 649 meis
1139 591 1406 668 impensis
1460 591 1685 648 illorum
1727 590 1812 648 ali
1858 590 2172 667 augerique

342 689 646 746 luxuriam.

423 783 505 841 ΙΙ.
590 782 754 839 Idem
783 800 959 857 quum
986 801 1161 858 prope
1192 781 1265 837 ad
1296 799 1512 837 aunum
1552 778 1973 856 octogesimum
2012 799 2170 857 pros-

341 879 481 955 pera
510 877 868 955 pervenisset
895 876 1144 949 fortuna,
1175 875 1450 934 extremis
1490 875 1845 952 temporibus
1891 895 2171 954 magnum

344 973 404 1030 in
451 973 647 1031 odium
694 971 957 1048 pervenit
1009 989 1242 1029 suorum
1291 971 1524 1029 civium.
1606 970 1802 1030 Primo
1830 970 1987 1048 quod
2034 991 2171 1032 cum
2210 972 2251 1031 5

343 1068 603 1127 Demade
632 1069 706 1126 de
727 1067 870 1124 urbe
898 1067 1181 1125 tradenda
1211 1066 1524 1143 Antipatro
1566 1079 1978 1137 consenserat3
2021 1066 2172 1143 ejus-

342 1183 452 1240 que
493 1162 738 1222 consilio
779 1162 1205 1220 Demosthenes
1261 1180 1396 1218 cum
1445 1161 1690 1236 caeteris,
1737 1161 1838 1237 qui
1890 1162 2041 1219 bene
2096 1161 2169 1219 de

344 1259 639 1335 republica
668 1257 877 1315 mereri
905 1256 1404 1330 existimabantur,
1426 1294 1431 1299 ·
1451 1256 1797 1333 populiscitu
1833 1257 1895 1315 in
1931 1256 2171 1315 exilium

341 1364 505 1411 erant
532 1352 793 1429 expulsi;
836 1370 1023 1426 neque
1053 1351 1113 1409 in
1142 1371 1212 1410 eo
1256 1350 1441 1410 solum
1484 1352 1827 1427 offenderat,
1872 1350 2030 1429 quod
2074 1372 2172 1429 pa-

343 1448 464 1507 triae
492 1446 642 1505 male
666 1448 1056 1520 consuluerat,
1086 1449 1188 1505 sed
1237 1447 1434 1520 etiam,
1482 1445 1637 1523 quod
1682 1448 1952 1506 amicitiae
1995 1448 2171 1506 fidem
2217 1449 2288 1505 10

344 1562 459 1602 non
482 1543 839 1620 proestiterat.
924 1541 1196 1619 Namque
1227 1556 1433 1601 auctus
1463 1543 1805 1619 adjutusque
1851 1563 1886 1602 a
1928 1543 2171 1603 Demos·

343 1641 538 1711 thene,
583 1658 739 1710 eum,
783 1656 953 1713 quem
999 1639 1254 1711 tenebat,
1306 1640 1650 1697 ascenderat
1681 1640 1947 1715 gradum,
1991 1659 2169 1716 quum

344 1733 616 1792 adversus
645 1735 955 1791 Charetem
986 1752 1120 1790 eum
1148 1734 1488 1792 subornaret
1512 1754 1526 1804 ;
1572 1735 1644 1791 ab
1671 1735 1876 1793 eodem
1917 1734 1977 1791 in
2017 1734 2170 1810 judi-

341 1829 467 1901 ciis,
497 1848 672 1903 quum
702 1828 908 1904 capitis
937 1846 1174 1885 causam
1223 1828 1464 1901 diceret,
1516 1829 1792 1886 defensus
1842 1828 2166 1903 aliquoties,

341 1924 614 1982 liberatus
641 1924 1002 1982 discesserat.
1087 1924 1267 1981 Hunc
1296 1943 1414 1981 non
1444 1922 1628 1980 solum
1658 1923 1718 1980 in
1746 1923 2021 1998 periculis
2049 1943 2166 1982 non
2213 1926 2286 1981 15

342 2019 619 2092 defendit,
661 2020 761 2077 sed
790 2019 967 2077 etiam
994 2017 1264 2095 prodidit.
1348 2017 1626 2076 Concidit
1677 2030 1868 2076 autem
1915 2017 2167 2076 maxime

342 2134 458 2173 uno
480 2115 742 2188 crimine,
770 2113 946 2192 quod,
975 2133 1151 2191 quum
1186 2113 1337 2190 apud
1387 2131 1520 2169 eum
1551 2132 1838 2170 summum
1886 2124 2039 2171 esset
2068 2112 2170 2170 im-

340 2212 564 2288 perium
590 2212 806 2287 populi,
835 2223 893 2269 et
920 2210 1298 2282 Nicanorem,
1344 2208 1659 2267 Cassandri
1696 2210 2053 2286 praefectum,
2086 2209 2170 2266 in-

340 2306 540 2365 sidiari
584 2295 790 2363 *Piraeo
865 2304 1338 2378 Atheniensium,
1406 2324 1439 2362 a
1491 2304 1764 2381 Dercyllo
1818 2317 2168 2378 moneretur,

341 2403 607 2478 idemque
627 2401 943 2477 postularet
970 2413 1034 2459 ut
1060 2400 1386 2477 provideret
1414 2420 1488 2457 ne
1516 2400 1936 2459 commeatibus
1963 2401 2168 2460 civitas
2206 2401 2285 2459 20

337 2497 674 2574 privaretur,
700 2496 856 2569 huic,
888 2496 1159 2554 audiente
1184 2495 1417 2571 populo,
1448 2494 1708 2553 Phocion
1760 2495 1991 2570 negavit
2038 2515 2166 2554 esse

338 2593 679 2670 periculum,
710 2611 883 2667 seque
927 2591 1054 2668 ejus
1102 2590 1186 2648 rei
1233 2589 1496 2648 obsidem
1553 2591 1676 2648 fore
1719 2588 2011 2666 pollicitus
2053 2602 2160 2649 est.

338 2688 547 2764 Neque
571 2688 650 2746 ita
676 2686 857 2746 multo
901 2687 1031 2764 post
1075 2685 1339 2744 Nicanor
1383 2685 1568 2744 Piraeo
1615 2697 1704 2744 est
1752 2683 1983 2762 potitus.
2069 2686 2167 2744 Ad

337 2803 509 2860 quem
538 2784 996 2859 recuperandum
1015 2800 1190 2857 quum
1210 2781 1455 2859 populus
1480 2793 1732 2839 armatus
1754 2781 2165 2856 concurrisset,

340 2878 437 2935 ille
466 2896 583 2935 non
606 2874 776 2936 modo
802 2876 1095 2934 neminem
1127 2878 1197 2934 ad
1229 2896 1389 2934 arma
1419 2876 1660 2950 vocavit,
1706 2871 1808 2935 sed
1857 2897 1932 2935 ne
1983 2896 2164 2936 arma·
2204 2879 2284 2937 25

336 2973 415 3033 tis
440 2972 672 3048 quidem
720 2990 965 3048 proeesse
994 2972 1186 3031 voluit.
1277 2970 1432 3048 [sine
1472 2991 1585 3047 quo
1635 2972 1885 3030 Athenae
1926 2971 2167 3032 omnino

338 3086 468 3125 esse
498 3086 616 3125 non
643 3067 930 3146 possunt.]

420 3160 535 3219 ΙΙΙ.
618 3160 804 3219 Erant
830 3181 900 3219 eo
927 3173 1185 3237 tempore
1215 3160 1469 3219 Athenis
1491 3161 1621 3217 duae
1668 3159 1949 3220 sactiones
1973 3182 1987 3232 ;
2030 3182 2166 3238 qua-

339 3275 469 3315 rum
496 3275 616 3314 una
640 3255 837 3333 populi
865 3274 1102 3313 causam
1151 3257 1380 3332 agebat,
1432 3257 1610 3315 altera
1650 3255 2007 3332 optimatum.
2091 3258 2165 3319 In

339 3352 454 3409 hae
508 3361 632 3410 erat
683 3350 943 3409 Phocion
999 3361 1056 3408 et
1111 3350 1443 3410 Demetrius
1496 3351 1828 3409 Phalereus.
1940 3354 2165 3412 Harum
2207 3356 2284 3412 30

340 3458 582 3523 utraque
611 3446 1003 3505 Macedonum
1031 3445 1367 3522 patrociniis
1395 3446 1704 3505 nitebatur.
1790 3448 1945 3506 Nam
1988 3470 2163 3527 popu·

336 3544 490 3603 lares
511 3541 987 3619 Polysperchonti
1011 3541 1277 3599 favebant
1302 3561 1316 3610 ;
1346 3541 1649 3617 optimates
1671 3562 1805 3599 cum
1835 3543 2167 3603 Cassandro

338 3638 686 3698 sentiebant.
756 3635 999 3695 Interim
1036 3656 1068 3693 a
1098 3635 1585 3711 Polysperchonte
1623 3636 1952 3695 Cassander
1972 3637 2168 3696 Mace-

735 3731 836 3791 8*
