2619 4349
355 410 435 470 38
1277 418 1542 470 OONON.

474 582 721 640 classem
772 582 845 639 ad
890 580 1162 639 Ciliciam
1206 554 1543 656 appulisset,
1582 599 1771 656 neque
1819 580 1963 639 satis
2000 581 2313 658 diligenter

475 677 536 735 in
565 677 772 736 castris
798 677 925 754 ejus
955 687 1264 754 agerentur
1300 674 1534 752 vigiliae,
1579 695 1615 734 a
1651 677 1933 751 barbariS,
1977 697 2052 736 ex
2097 676 2316 754 oppido

473 786 653 834 noctu
680 774 983 851 eruptione
1008 773 1183 846 sacta,
1212 772 1273 831 in
1302 772 1684 832 tabernaculo
1712 772 2054 832 interfectus
2081 786 2185 832 est.

1084 1145 1197 1204 IX.
1281 1142 1690 1203 CONON.

552 1336 602 1394 1.
691 1336 888 1394 Conon
925 1336 1297 1394 Atheniensis
1331 1333 1756 1411 Peloponnesio
1778 1335 1931 1393 bello
1954 1333 2203 1393 accessit
2239 1335 2313 1393 ad

392 1433 435 1491 5
473 1432 916 1509 rempublicam,
961 1431 1022 1489 in
1069 1450 1252 1507 eoque
1295 1430 1424 1506 ejus
1471 1449 1648 1506 opera
1691 1429 1891 1506 magni
1947 1429 2071 1488 suit.
2154 1429 2313 1488 Nam

473 1540 534 1587 et
574 1539 783 1605 praetor
830 1527 1196 1604 pedestribus
1239 1525 1594 1584 exercitibus
1620 1526 1872 1602 proefuit,
1900 1539 1961 1585 et
2004 1528 2315 1603 praesectus

476 1624 681 1684 classis
709 1643 802 1681 res
842 1642 1091 1700 magnas
1136 1622 1285 1680 mari
1327 1622 1525 1699 gessit.
1609 1623 1782 1685 Quas
1806 1623 1883 1681 ob
1926 1642 2137 1681 causas
2171 1642 2316 1700 prae-

410 1743 414 1748 ·
476 1719 685 1796 cipuus
728 1720 784 1778 ei
827 1721 1012 1778 honos
1059 1719 1294 1777 habitus
1337 1731 1443 1777 est.
1530 1717 1803 1794 Namque
1845 1718 2118 1777 omnibus
2160 1738 2314 1777 unus

478 1817 684 1875 insulis
713 1817 976 1893 praesuit:
1021 1815 1080 1873 in
1110 1816 1225 1893 qua
1251 1827 1538 1892 potestate
1562 1815 1782 1873 Pheras
1811 1815 1988 1891 cepit,
2024 1815 2314 1874 coloniam

361 1913 436 1971 10
477 1911 1076 1971 Lacedaemoniorum.
1176 1910 1316 1969 Fuit
1363 1910 1541 1969 etiam
1584 1921 1844 1969 extremo
1891 1909 2316 1986 Peloponnesio

477 2009 630 2068 bello
657 2020 884 2086 praetor,
913 2027 1092 2084 quum
1123 2007 1276 2085 apud
1306 2006 1493 2084 AEgos
1522 2004 1739 2063 flumen
1778 2005 1961 2083 copiae
1989 2005 2316 2065 Athenien-

478 2105 628 2163 sium
659 2125 693 2162 a
720 2104 1024 2181 Lysandro
1052 2115 1191 2162 sunt
1215 2102 1479 2161 devictae.
1565 2103 1684 2159 Sed
1712 2114 1834 2160 tum
1879 2101 2083 2176 abfuit,
2127 2100 2314 2179 eoque

476 2199 645 2279 pejus
671 2220 765 2259 res
795 2199 1196 2259 administrata
1222 2209 1329 2258 est.
1413 2198 1572 2256 Nam
1600 2210 1659 2257 et
1701 2200 1957 2275 prudens
1984 2199 2069 2257 rei
2108 2198 2317 2258 milita·

478 2297 559 2356 ris
602 2307 662 2354 et
716 2295 967 2371 diligens
1014 2307 1140 2354 erat
1183 2294 1431 2371 imperii.
1535 2293 1741 2371 Itaque
1786 2295 2008 2353 nemini
2053 2308 2178 2354 erat
2225 2295 2316 2353 his

363 2396 440 2453 15
481 2390 838 2469 temporibus
891 2390 1156 2463 dubium,
1212 2390 1263 2448 si
1319 2389 1620 2463 adfuisset,
1697 2390 1856 2449 illam
1918 2392 2317 2450 Athenienses

481 2487 876 2548 calamitatem
904 2497 1248 2563 accepturos
1275 2506 1395 2545 non
1426 2486 1622 2545 fuisse.

559 2584 643 2642 ΙΙ.
728 2584 938 2641 Rebus
994 2594 1189 2641 autem
1240 2582 1491 2656 afflictis,
1539 2602 1718 2659 quum
1763 2582 2010 2659 patriam
2061 2583 2314 2642 obsideri

480 2679 760 2753 audisset,
788 2698 908 2738 non
930 2678 1212 2755 quaesivit,
1241 2678 1347 2737 ubi
1391 2678 1514 2755 ipse
1558 2680 1685 2737 tuto
1729 2680 1966 2752 viveret,
2010 2680 2114 2737 sed
2158 2680 2317 2738 unde

479 2775 752 2853 praesidio
777 2786 973 2852 posset
998 2794 1129 2833 esse
1156 2775 1384 2834 civibus
1413 2775 1550 2833 suis.
1635 2774 1844 2849 Itaque
1874 2775 2122 2833 contulit
2149 2795 2213 2833 se
2244 2776 2318 2833 ad
2371 2769 2393 2783 ⁵

359 2872 442 2934 20
482 2872 958 2945 Pharnabazum,
1018 2882 1288 2949 satrapen
1344 2870 1529 2931 Ioniae
1576 2882 1636 2929 et
1678 2870 1902 2946 Lydiae,
1951 2871 2319 2946 eundemque

481 2988 764 3048 generum
793 2967 984 3045 Regis
1011 2979 1071 3027 et
1095 2968 1484 3045 propinquum
1508 2986 1521 3026 :
1568 2967 1722 3042 apud
1754 2984 1928 3042 quem
1977 2977 2041 3023 ut
2070 2966 2317 3023 multum

480 3064 670 3144 gratia
698 3065 937 3137 valeret,
965 3064 1149 3123 multo
1195 3064 1395 3123 labore
1438 3061 1748 3137 multisque
1791 3060 1986 3117 effecit
2022 3059 2317 3136 periculis.

481 3160 641 3219 Nam
694 3181 874 3239 quum
921 3158 1380 3230 Lacedaemonii,
1428 3156 1897 3214 Atheniensibus
1942 3154 2207 3227 devictiS,
2256 3154 2317 3214 in

480 3258 760 3318 societate
801 3276 921 3317 non
949 3264 1275 3326 manerent,
1304 3271 1479 3330 quam
1508 3270 1644 3308 cum
1673 3253 1999 3310 Artaxerxe
2037 3252 2318 3326 fecerant,

359 3355 442 3415 25
483 3354 943 3431 Agesilaumque
997 3348 1276 3407 bellatum
1331 3346 1629 3405 misissent
1676 3346 1736 3405 in
1783 3346 2013 3421 Asiam,
2063 3347 2318 3406 maxime

481 3448 715 3526 impulsi
745 3467 781 3506 a
806 3445 1230 3521 Tissapherne,
1258 3441 1361 3520 qui
1387 3462 1461 3501 ex
1490 3442 1712 3502 intimis
1761 3443 1953 3521 Regis
1998 3444 2072 3501 ab
2122 3443 2323 3502 amici-

479 3542 566 3604 tia
591 3542 720 3620 ejus
746 3542 1065 3615 defecerat,
1092 3551 1153 3600 et
1180 3560 1318 3599 cum
1364 3540 1832 3600 Lacedaemoniis
1880 3540 2101 3600 coierat
2138 3540 2322 3599 socie·

478 3648 698 3698 tatem}
743 3638 904 3697 hunc
933 3635 1212 3698 adversus
1254 3637 1679 3697 Pharnabazus
1727 3636 1962 3697 habitus
2005 3648 2095 3696 est
2143 3636 2323 3714 impe-
