2619 4349
1044 438 1451 489 LYSANDER.
2208 432 2289 491 25

332 596 558 656 Horum
606 600 666 656 in
724 618 1030 656 numerum
1075 620 1248 658 nemo
1299 600 1731 674 admittebatur,
1775 600 1889 658 nisi
1931 600 2029 676 qui
2073 614 2171 658 aut

330 696 454 774 ejus
496 696 744 774 hospitio
784 698 1200 772 contineretur,
1244 710 1345 756 aut
1385 718 1447 756 se
1491 698 1645 756 illius
1697 700 1815 756 fore
1876 698 2171 776 proprium

330 794 442 851 fide
472 794 860 852 confirmarat.

408 890 490 946 ΙΙ.
574 890 668 948 Ita
722 890 1096 950 decemvirali
1147 902 1431 968 potestate
1487 890 1549 948 in
1603 890 1875 948 omnibus
1929 890 2173 948 urbibus

330 986 666 1060 constituta,
720 986 900 1062 ipsius
947 998 1096 1046 nutu
1140 986 1339 1046 omnia
1381 988 1749 1064 gerebantur.
1861 986 2047 1064 Cujus
2097 988 2169 1044 de
2209 986 2251 1046 5

328 1082 672 1140 crudelitate
724 1100 792 1140 ac
840 1082 1084 1158 perfidia
1140 1080 1281 1140 satis
1335 1094 1443 1155 est,
1501 1102 1677 1140 unam
1727 1102 1871 1156 rem,
1921 1084 2173 1160 exempli

329 1178 536 1254 gratia,
566 1180 842 1254 proferre,
872 1198 946 1236 ne
976 1178 1050 1236 de
1080 1178 1282 1236 eodem
1313 1178 1481 1254 plura
1527 1180 1927 1236 enumerando
1969 1178 2175 1238 defati-

328 1294 532 1348 gemus
582 1272 1162 1332 lectorem—Victor
1216 1292 1292 1330 ex
1343 1272 1490 1330 Asia
1543 1293 1721 1350 quum
1771 1286 2171 1348 reverteretur,

328 1368 710 1444 Thasumque
750 1368 1110 1442 devertisset,
1155 1368 1311 1444 qued
1357 1388 1429 1426 ea
1471 1368 1677 1428 civitas
1719 1370 2013 1446 praecipua
2057 1372 2171 1430 fide

330 1466 516 1522 fuerat
560 1484 700 1540 erga
728 1464 1144 1538 AthenienseS,
1174 1466 1419 1542 proinde
1451 1466 1595 1522 acsi
1635 1465 1811 1522 iidem
1857 1466 2171 1524 firmissimi
2219 1468 2291 1526 10

328 1562 576 1620 solerent
606 1582 732 1618 esse
764 1562 956 1636 amici,
988 1562 1086 1638 qui
1116 1573 1454 1620 constantes
1483 1562 1728 1620 fuissent
1767 1562 2011 1636 inimici,
2043 1582 2173 1620 eam
2201 1546 2211 1555 ι

326 1669 650 1732 pervertere
674 1658 1024 1734 concupivit.
1081 1658 1248 1716 Vidit
1272 1670 1487 1730 autem,
1511 1656 1624 1716 nisi
1647 1658 1707 1715 in
1731 1678 1801 1716 eo
1821 1658 2173 1718 occultasset

326 1754 700 1826 voluntatem,
754 1754 1028 1826 futurum,
1083 1766 1148 1812 ut
1190 1754 1403 1812 Thasii
1445 1754 1861 1828 dilaberentur,
1907 1756 2171 1812 consule-

326 1860 566 1924 rentque
598 1850 770 1906 rebus
800 1850 920 1908 suis
950 1850 1102 1885 *³⁸³⁸*

404 1943 520 2002 ΙΙΙ.
606 1944 678 1980 *²*
710 1944 769 2002 hi
816 1946 1258 2002 decemviralem
1311 1946 1531 2024 [suam]
1581 1958 1923 2022 potestatem
1977 1948 2049 2004 ab
2099 1968 2167 2008 eo
2215 1950 2289 2010 15

326 2040 698 2098 constitutam
756 2044 1132 2100 sustulerunt.
1256 2042 1399 2104 Quo
1453 2043 1651 2102 dolore
1707 2046 1985 2102 incensus
2040 2046 2171 2106 iniit

326 2136 586 2210 consilia,
612 2158 780 2215 reges
803 2137 1381 2196 Lacedaemoniorum
1413 2138 1629 2196 tollere.
1717 2139 1833 2198 Sed
1860 2140 2169 2215 sentiebat,

326 2231 382 2289 id
414 2253 474 2289 se
502 2233 629 2291 sine
658 2255 766 2311 ope
796 2235 1036 2293 deorum
1068 2235 1260 2293 facere
1305 2255 1423 2293 non
1471 2257 1661 2313 posse,
1691 2235 1845 2313 quiid
1895 2237 2171 2299 Lacedae-

324 2329 730 2412 moniidomnia
760 2333 830 2387 ad
870 2333 1108 2389 oracula
1136 2333 1349 2389 referre
1379 2345 1821 2391 consueverant.
1908 2331 2169 2393 Primum

324 2425 582 2501 Delphos
610 2447 982 2503 corrumpere
1012 2439 1100 2485 est
1130 2439 1391 2485 conatus.
1475 2429 1681 2491 Quum
1713 2429 1771 2487 id
1803 2451 1919 2487 non
1948 2431 2167 2507 potuis-
2205 2433 2285 2491 20

322 2534 428 2593 set,
460 2520 768 2579 Dodonatn
802 2523 1032 2579 adortus
1062 2534 1168 2581 est.
1283 2523 1447 2581 Hinc
1475 2545 1701 2601 quoque
1729 2527 1995 2603 repulsus
2023 2527 2169 2587 dixit

322 2637 384 2673 se
414 2629 544 2675 vota
584 2617 929 2693 suscepisse,
960 2637 1086 2691 quae
1130 2617 1262 2675 Jovi
1292 2619 1613 2679 Hammoni
1653 2623 1931 2681 solveret:
1975 2623 2169 2683 existi-

322 2731 506 2785 manS,
538 2733 600 2771 se
650 2713 826 2771 Afros
878 2711 1110 2771 facilius
1154 2727 1577 2793 corrupturum.
1663 2717 1799 2776 Hae
1845 2739 1945 2795 spe
1987 2741 2167 2797 quum

320 2809 612 2883 profectus
642 2821 794 2869 esset
825 2809 884 2867 in
916 2811 1200 2885 Africam,
1234 2809 1483 2871 multum
1513 2833 1645 2871 eum
1689 2815 1977 2875 antistites
2003 2817 2167 2877 Jovis

322 2905 664 2963 fefellerunt.
752 2905 908 2965 Nam
954 2927 1070 2965 non
1124 2905 1311 2967 solum
1343 2911 1633 2987 corrumpi
1675 2933 1787 2969 non
1831 2925 2163 2989 potuerunt,
2205 2917 2283 2975 25

320 3003 418 3057 sed
446 3001 622 3059 etiam
644 3003 866 3077 legatos
890 3003 1321 3061 Lacedaemona
1349 3005 1651 3079 miserunt,
1677 3007 1773 3081 qui
1799 3009 2163 3083 Lysandrum

322 3111 686 3169 accusarent,
736 3095 890 3173 qued
942 3099 1272 3157 sacerdotes
1323 3101 1443 3157 fani
1499 3121 1867 3177 corrumpere
1923 3117 2167 3163 conatus

318 3205 488 3251 esset.
574 3195 906 3253 Accusatus
948 3195 1060 3253 hoc
1104 3195 1371 3269 crimine,
1395 3197 1661 3273 judicum
1707 3199 2005 3259 absolutus
2039 3221 2167 3259 sen-

318 3289 534 3363 tentiis,
566 3289 978 3349 Orchomeniis
1018 3291 1228 3349 missus
1258 3292 1537 3365 subsidio,
1567 3293 1799 3351 occisus
1829 3309 1915 3355 est
1945 3315 1979 3353 a
2007 3297 2167 3355 The-

320 3387 486 3445 banis
516 3387 666 3463 apud
700 3387 1048 3447 Haliartum.
1166 3385 1371 3449 Quam
1402 3387 1535 3447 vere
1569 3391 1641 3447 de
1671 3409 1741 3449 eo
1771 3391 1915 3451 foret
1937 3393 2163 3469 judica·
2203 3395 2285 3453 30.

318 3495 462 3557 tum,
500 3483 684 3543 oratio
729 3483 950 3543 indicio
994 3485 1120 3557 fuit,
1150 3505 1278 3561 quaa·
1309 3496 1437 3561 post
1480 3499 1721 3545 mortem
1754 3487 1814 3545 in
1845 3489 2015 3547 domo
2037 3489 2163 3567 ejus

318 3591 544 3657 reperta
572 3591 680 3653 est,
710 3579 770 3637 in
800 3579 914 3657 qua
960 3581 1166 3639 suadet
1210 3579 1699 3657 Lacedaemoniis,
1748 3597 1831 3657 ut,
1860 3585 2023 3661 regia
2065 3606 2163 3663 po-

318 3685 526 3735 testate
568 3675 868 3751 dissoluffi„
909 3697 982 3735 ex
1022 3676 1292 3737 omnibus
1337 3679 1455 3739 dux
1495 3679 1784 3757 deligatur
1828 3681 1903 3739 ad
1945 3681 2161 3741 bellum

874 3773 912 3831 3
