<?xml version="1.0" encoding="UTF-8"?>
<!DOCTYPE html PUBLIC "-//W3C//DTD XHTML 1.0 Transitional//EN"
    "http://www.w3.org/TR/xhtml1/DTD/xhtml1-transitional.dtd">
<html xmlns="http://www.w3.org/1999/xhtml" xml:lang="en" lang="en">
 <head>
  <title>
</title>
<meta http-equiv="Content-Type" content="text/html;charset=utf-8" />
  <meta name='ocr-system' content='tesseract 3.04.00' />
  <meta name='ocr-capabilities' content='ocr_page ocr_carea ocr_par ocr_line ocrx_word'/>
</head>
<body>
  <div class='ocr_page' id='page_1' title='image "./devitaexcellent02bremgoog_0069.png"; bbox 0 0 2619 4349; ppageno 0'>
   <div class='ocr_carea' id='block_1_1' title="bbox 1082 374 2286 432">
    <p class='ocr_par' dir='ltr' id='par_1_1' title="bbox 1082 374 2286 432">
     <span class='ocr_line' id='line_1_1' title="bbox 1082 374 2286 432; baseline 0.002 -2"><span class='ocrx_word' id='word_1_1' title='bbox 1082 382 1444 431; x_wconf 77' lang='lat' dir='ltr'>DATAMES.</span> <span class='ocrx_word' id='word_1_2' title='bbox 2205 374 2286 432; x_wconf 82' lang='grc'>59</span> 
     </span>
    </p>
   </div>
   <div class='ocr_carea' id='block_1_2' title="bbox 344 538 2298 3648">
    <p class='ocr_par' dir='ltr' id='par_1_2' title="bbox 344 538 2250 1373">
     <span class='ocr_line' id='line_1_2' title="bbox 346 538 2165 617; baseline 0.001 -20"><span class='ocrx_word' id='word_1_3' title='bbox 346 541 418 597; x_wconf 91' lang='lat' dir='ltr'>ad</span> <span class='ocrx_word' id='word_1_4' title='bbox 443 559 583 615; x_wconf 93' lang='lat' dir='ltr'>quos</span> <span class='ocrx_word' id='word_1_5' title='bbox 606 538 972 612; x_wconf 76' lang='lat' dir='ltr'><strong>transierant,</strong></span> <span class='ocrx_word' id='word_1_6' title='bbox 1004 539 1076 597; x_wconf 92' lang='lat' dir='ltr'>ab</span> <span class='ocrx_word' id='word_1_7' title='bbox 1121 540 1324 616; x_wconf 83' lang='lat' dir='ltr'>hisque</span> <span class='ocrx_word' id='word_1_8' title='bbox 1378 552 1552 614; x_wconf 88' lang='lat' dir='ltr'>stare,</span> <span class='ocrx_word' id='word_1_9' title='bbox 1596 561 1739 617; x_wconf 87' lang='lat' dir='ltr'>quos</span> <span class='ocrx_word' id='word_1_10' title='bbox 1781 540 2165 616; x_wconf 69' lang='lat' dir='ltr'>reliquerant:</span> 
     </span>
     <span class='ocr_line' id='line_1_3' title="bbox 344 632 2165 710; baseline 0.003 -21"><span class='ocrx_word' id='word_1_11' title='bbox 344 635 554 709; x_wconf 89' lang='lat' dir='ltr'>quibus</span> <span class='ocrx_word' id='word_1_12' title='bbox 601 653 778 708; x_wconf 90' lang='lat' dir='ltr'>quum</span> <span class='ocrx_word' id='word_1_13' title='bbox 826 632 1017 691; x_wconf 88' lang='lat' dir='ltr'>neutri</span> <span class='ocrx_word' id='word_1_14' title='bbox 1060 646 1388 710; x_wconf 83' lang='lat' dir='ltr'>parcerent,</span> <span class='ocrx_word' id='word_1_15' title='bbox 1436 636 1702 694; x_wconf 81' lang='lat' dir='ltr'>celeriter</span> <span class='ocrx_word' id='word_1_16' title='bbox 1750 647 1887 695; x_wconf 89' lang='lat' dir='ltr'>sunt</span> <span class='ocrx_word' id='word_1_17' title='bbox 1923 635 2165 695; x_wconf 89' lang='lat' dir='ltr'>concisi.</span> 
     </span>
     <span class='ocr_line' id='line_1_4' title="bbox 346 728 2168 807; baseline 0.001 -21"><span class='ocrx_word' id='word_1_18' title='bbox 346 730 628 804; x_wconf 86' lang='lat' dir='ltr'>Reliquos</span> <span class='ocrx_word' id='word_1_19' title='bbox 681 728 909 785; x_wconf 84' lang='lat' dir='ltr'>Pisidas</span> <span class='ocrx_word' id='word_1_20' title='bbox 963 729 1297 787; x_wconf 84' lang='lat' dir='ltr'>resistentes</span> <span class='ocrx_word' id='word_1_21' title='bbox 1341 729 1619 788; x_wconf 84' lang='lat' dir='ltr'>Datames</span> <span class='ocrx_word' id='word_1_22' title='bbox 1667 730 1921 789; x_wconf 85' lang='lat' dir='ltr'>invadit:</span> <span class='ocrx_word' id='word_1_23' title='bbox 1982 730 2168 807; x_wconf 92' lang='lat' dir='ltr'>primo</span> 
     </span>
     <span class='ocr_line' id='line_1_5' title="bbox 344 822 2167 900; baseline 0.003 -20"><span class='ocrx_word' id='word_1_24' title='bbox 344 822 563 900; x_wconf 90' lang='lat' dir='ltr'>impetu</span> <span class='ocrx_word' id='word_1_25' title='bbox 604 823 786 899; x_wconf 92' lang='lat' dir='ltr'>pellit,</span> <span class='ocrx_word' id='word_1_26' title='bbox 843 822 1131 899; x_wconf 87' lang='lat' dir='ltr'>fugientes</span> <span class='ocrx_word' id='word_1_27' title='bbox 1182 824 1564 900; x_wconf 82' lang='lat' dir='ltr'>persequitur,</span> <span class='ocrx_word' id='word_1_28' title='bbox 1614 826 1825 885; x_wconf 88' lang='lat' dir='ltr'>multos</span> <span class='ocrx_word' id='word_1_29' title='bbox 1873 825 2167 899; x_wconf 86' lang='lat' dir='ltr'>interficit,</span> 
     </span>
     <span class='ocr_line' id='line_1_6' title="bbox 345 918 2250 997; baseline 0.002 -21"><span class='ocrx_word' id='word_1_30' title='bbox 345 931 536 976; x_wconf 89' lang='lat' dir='ltr'>castra</span> <span class='ocrx_word' id='word_1_31' title='bbox 564 918 815 976; x_wconf 91' lang='lat' dir='ltr'>hostium</span> <span class='ocrx_word' id='word_1_32' title='bbox 844 918 1016 993; x_wconf 85' lang='lat' dir='ltr'>capit.</span> <span class='ocrx_word' id='word_1_33' title='bbox 1101 918 1238 976; x_wconf 88' lang='lat' dir='ltr'>Tali</span> <span class='ocrx_word' id='word_1_34' title='bbox 1266 919 1514 978; x_wconf 90' lang='lat' dir='ltr'>consilio</span> <span class='ocrx_word' id='word_1_35' title='bbox 1537 939 1656 978; x_wconf 90' lang='lat' dir='ltr'>uno</span> <span class='ocrx_word' id='word_1_36' title='bbox 1683 931 1939 997; x_wconf 90' lang='lat' dir='ltr'>tempore</span> <span class='ocrx_word' id='word_1_37' title='bbox 1966 932 2026 979; x_wconf 92' lang='lat' dir='ltr'>et</span> <span class='ocrx_word' id='word_1_38' title='bbox 2044 941 2172 997; x_wconf 88' lang='lat' dir='ltr'>pro·</span> <span class='ocrx_word' id='word_1_39' title='bbox 2207 921 2250 979; x_wconf 87' lang='grc'><strong>5</strong></span> 
     </span>
     <span class='ocr_line' id='line_1_7' title="bbox 346 1012 2175 1092; baseline 0.003 -23"><span class='ocrx_word' id='word_1_40' title='bbox 346 1013 560 1070; x_wconf 88' lang='lat' dir='ltr'>ditores</span> <span class='ocrx_word' id='word_1_41' title='bbox 586 1012 853 1088; x_wconf 89' lang='lat' dir='ltr'>perculit,</span> <span class='ocrx_word' id='word_1_42' title='bbox 882 1023 941 1070; x_wconf 92' lang='lat' dir='ltr'>et</span> <span class='ocrx_word' id='word_1_43' title='bbox 970 1013 1161 1070; x_wconf 90' lang='lat' dir='ltr'>hostes</span> <span class='ocrx_word' id='word_1_44' title='bbox 1197 1013 1522 1089; x_wconf 81' lang='lat' dir='ltr'>profligavit</span> <span class='ocrx_word' id='word_1_45' title='bbox 1538 1034 1555 1085; x_wconf 83' lang='lat'><em>3</em></span> <span class='ocrx_word' id='word_1_46' title='bbox 1597 1026 1678 1087; x_wconf 88' lang='lat' dir='ltr'>et,</span> <span class='ocrx_word' id='word_1_47' title='bbox 1725 1016 1879 1090; x_wconf 90' lang='lat' dir='ltr'>quod</span> <span class='ocrx_word' id='word_1_48' title='bbox 1924 1016 1996 1072; x_wconf 91' lang='lat' dir='ltr'>ad</span> <span class='ocrx_word' id='word_1_49' title='bbox 2045 1035 2175 1092; x_wconf 89' lang='lat' dir='ltr'>per-</span> 
     </span>
     <span class='ocr_line' id='line_1_8' title="bbox 347 1107 2171 1183; baseline 0.003 -20"><span class='ocrx_word' id='word_1_50' title='bbox 347 1107 563 1164; x_wconf 89' lang='lat' dir='ltr'>niciem</span> <span class='ocrx_word' id='word_1_51' title='bbox 591 1108 776 1165; x_wconf 86' lang='lat' dir='ltr'>fuerat</span> <span class='ocrx_word' id='word_1_52' title='bbox 803 1107 1140 1183; x_wconf 88' lang='lat' dir='ltr'>cogitatum,</span> <span class='ocrx_word' id='word_1_53' title='bbox 1169 1107 1230 1164; x_wconf 91' lang='lat' dir='ltr'>id</span> <span class='ocrx_word' id='word_1_54' title='bbox 1258 1108 1332 1164; x_wconf 93' lang='lat' dir='ltr'>ad</span> <span class='ocrx_word' id='word_1_55' title='bbox 1360 1108 1605 1166; x_wconf 88' lang='lat' dir='ltr'>salutem</span> <span class='ocrx_word' id='word_1_56' title='bbox 1648 1109 1947 1168; x_wconf 87' lang='lat' dir='ltr'>convertit.</span> <span class='ocrx_word' id='word_1_57' title='bbox 2028 1110 2171 1172; x_wconf 81' lang='lat' dir='ltr'>Quo</span> 
     </span>
     <span class='ocr_line' id='line_1_9' title="bbox 350 1202 2173 1280; baseline 0.002 -22"><span class='ocrx_word' id='word_1_58' title='bbox 350 1221 538 1277; x_wconf 90' lang='lat' dir='ltr'>neque</span> <span class='ocrx_word' id='word_1_59' title='bbox 585 1202 811 1259; x_wconf 90' lang='lat' dir='ltr'>acutius</span> <span class='ocrx_word' id='word_1_60' title='bbox 839 1202 1012 1259; x_wconf 89' lang='lat' dir='ltr'>ullius</span> <span class='ocrx_word' id='word_1_61' title='bbox 1041 1202 1402 1277; x_wconf 88' lang='lat' dir='ltr'>imperatoris</span> <span class='ocrx_word' id='word_1_62' title='bbox 1422 1203 1762 1280; x_wconf 88' lang='lat' dir='ltr'>cogitatum,</span> <span class='ocrx_word' id='word_1_63' title='bbox 1790 1222 1979 1280; x_wconf 88' lang='lat' dir='ltr'>neque</span> <span class='ocrx_word' id='word_1_64' title='bbox 2022 1204 2173 1262; x_wconf 86' lang='lat' dir='ltr'>cele-</span> 
     </span>
     <span class='ocr_line' id='line_1_10' title="bbox 350 1296 1287 1373; baseline 0.002 -20"><span class='ocrx_word' id='word_1_65' title='bbox 350 1296 472 1354; x_wconf 90' lang='lat' dir='ltr'>rius</span> <span class='ocrx_word' id='word_1_66' title='bbox 504 1298 722 1355; x_wconf 89' lang='lat' dir='ltr'>factum</span> <span class='ocrx_word' id='word_1_67' title='bbox 752 1316 994 1372; x_wconf 84' lang='lat' dir='ltr'>usquam</span> <span class='ocrx_word' id='word_1_68' title='bbox 1022 1297 1287 1373; x_wconf 88' lang='lat' dir='ltr'>legimus.</span> 
     </span>
    </p>

    <p class='ocr_par' dir='ltr' id='par_1_3' title="bbox 347 1391 2292 2701">
     <span class='ocr_line' id='line_1_11' title="bbox 428 1391 2286 1451; baseline 0.001 -2"><span class='ocrx_word' id='word_1_69' title='bbox 428 1391 568 1449; x_wconf 92' lang='lat' dir='ltr'><strong>VII.</strong></span> <span class='ocrx_word' id='word_1_70' title='bbox 651 1393 748 1448; x_wconf 95' lang='lat' dir='ltr'>Ab</span> <span class='ocrx_word' id='word_1_71' title='bbox 778 1393 887 1449; x_wconf 94' lang='lat' dir='ltr'>hoc</span> <span class='ocrx_word' id='word_1_72' title='bbox 911 1403 1105 1449; x_wconf 91' lang='lat' dir='ltr'>tamen</span> <span class='ocrx_word' id='word_1_73' title='bbox 1136 1392 1256 1451; x_wconf 89' lang='lat' dir='ltr'>viro</span> <span class='ocrx_word' id='word_1_74' title='bbox 1285 1391 1544 1450; x_wconf 83' lang='lat' dir='ltr'>Scismas</span> <span class='ocrx_word' id='word_1_75' title='bbox 1571 1392 1823 1451; x_wconf 89' lang='lat' dir='ltr'>maximo</span> <span class='ocrx_word' id='word_1_76' title='bbox 1851 1405 1992 1451; x_wconf 90' lang='lat' dir='ltr'>natu</span> <span class='ocrx_word' id='word_1_77' title='bbox 2013 1392 2168 1451; x_wconf 88' lang='lat' dir='ltr'>filius</span> <span class='ocrx_word' id='word_1_78' title='bbox 2211 1395 2286 1451; x_wconf 88' lang='grc'>10</span> 
     </span>
     <span class='ocr_line' id='line_1_12' title="bbox 348 1486 2170 1564; baseline 0.001 -21"><span class='ocrx_word' id='word_1_79' title='bbox 348 1486 575 1559; x_wconf 88' lang='lat' dir='ltr'>desciit,</span> <span class='ocrx_word' id='word_1_80' title='bbox 608 1487 680 1543; x_wconf 90' lang='lat' dir='ltr'>ad</span> <span class='ocrx_word' id='word_1_81' title='bbox 708 1486 1053 1562; x_wconf 88' lang='lat' dir='ltr'>Regemque</span> <span class='ocrx_word' id='word_1_82' title='bbox 1091 1487 1341 1560; x_wconf 89' lang='lat' dir='ltr'>transiit,</span> <span class='ocrx_word' id='word_1_83' title='bbox 1390 1499 1450 1546; x_wconf 93' lang='lat' dir='ltr'>et</span> <span class='ocrx_word' id='word_1_84' title='bbox 1496 1488 1569 1545; x_wconf 92' lang='lat' dir='ltr'>de</span> <span class='ocrx_word' id='word_1_85' title='bbox 1619 1488 1946 1547; x_wconf 85' lang='lat' dir='ltr'>defectione</span> <span class='ocrx_word' id='word_1_86' title='bbox 1988 1488 2170 1564; x_wconf 87' lang='lat' dir='ltr'>patris</span> 
     </span>
     <span class='ocr_line' id='line_1_13' title="bbox 348 1580 2172 1658; baseline 0.001 -20"><span class='ocrx_word' id='word_1_87' title='bbox 348 1581 570 1639; x_wconf 85' lang='lat' dir='ltr'>detulit.</span> <span class='ocrx_word' id='word_1_88' title='bbox 653 1580 795 1642; x_wconf 77' lang='lat' dir='ltr'>Quo</span> <span class='ocrx_word' id='word_1_89' title='bbox 823 1580 1028 1639; x_wconf 88' lang='lat' dir='ltr'>nuntio</span> <span class='ocrx_word' id='word_1_90' title='bbox 1056 1582 1412 1640; x_wconf 85' lang='lat' dir='ltr'>Artaxerxes</span> <span class='ocrx_word' id='word_1_91' title='bbox 1440 1595 1781 1656; x_wconf 88' lang='lat' dir='ltr'>commotus,</span> <span class='ocrx_word' id='word_1_92' title='bbox 1804 1582 1959 1658; x_wconf 77' lang='lat' dir='ltr'>quod</span> <span class='ocrx_word' id='word_1_93' title='bbox 2006 1583 2172 1641; x_wconf 91' lang='lat' dir='ltr'>intel·</span> 
     </span>
     <span class='ocr_line' id='line_1_14' title="bbox 349 1676 2169 1754; baseline 0.001 -21"><span class='ocrx_word' id='word_1_94' title='bbox 349 1677 566 1753; x_wconf 86' lang='lat' dir='ltr'>ligebat</span> <span class='ocrx_word' id='word_1_95' title='bbox 593 1676 702 1733; x_wconf 88' lang='lat' dir='ltr'>sibi</span> <span class='ocrx_word' id='word_1_96' title='bbox 731 1696 866 1733; x_wconf 89' lang='lat' dir='ltr'>cum</span> <span class='ocrx_word' id='word_1_97' title='bbox 896 1676 1015 1734; x_wconf 90' lang='lat' dir='ltr'>viro</span> <span class='ocrx_word' id='word_1_98' title='bbox 1044 1676 1172 1734; x_wconf 86' lang='lat' dir='ltr'>forti</span> <span class='ocrx_word' id='word_1_99' title='bbox 1197 1695 1267 1733; x_wconf 90' lang='lat' dir='ltr'>ac</span> <span class='ocrx_word' id='word_1_100' title='bbox 1294 1687 1531 1735; x_wconf 90' lang='lat' dir='ltr'>strenuo</span> <span class='ocrx_word' id='word_1_101' title='bbox 1553 1677 1851 1754; x_wconf 86' lang='lat' dir='ltr'>negotium</span> <span class='ocrx_word' id='word_1_102' title='bbox 1878 1696 2027 1750; x_wconf 89' lang='lat' dir='ltr'>esse,</span> <span class='ocrx_word' id='word_1_103' title='bbox 2049 1677 2169 1753; x_wconf 92' lang='lat' dir='ltr'>qui,</span> 
     </span>
     <span class='ocr_line' id='line_1_15' title="bbox 347 1770 2170 1848; baseline 0.001 -21"><span class='ocrx_word' id='word_1_104' title='bbox 347 1790 524 1846; x_wconf 91' lang='lat' dir='ltr'>quum</span> <span class='ocrx_word' id='word_1_105' title='bbox 553 1770 885 1846; x_wconf 68' lang='lat' dir='ltr'>cogitasset,</span> <span class='ocrx_word' id='word_1_106' title='bbox 910 1772 1102 1828; x_wconf 83' lang='lat' dir='ltr'>facere</span> <span class='ocrx_word' id='word_1_107' title='bbox 1131 1771 1389 1843; x_wconf 88' lang='lat' dir='ltr'>auderet,</span> <span class='ocrx_word' id='word_1_108' title='bbox 1418 1783 1478 1829; x_wconf 88' lang='lat' dir='ltr'>et</span> <span class='ocrx_word' id='word_1_109' title='bbox 1502 1771 1664 1847; x_wconf 70' lang='lat' dir='ltr'>prius</span> <span class='ocrx_word' id='word_1_110' title='bbox 1692 1772 1970 1847; x_wconf 88' lang='lat' dir='ltr'>cogitare,</span> <span class='ocrx_word' id='word_1_111' title='bbox 1994 1771 2170 1848; x_wconf 72' lang='lat' dir='ltr'>quam</span> 
     </span>
     <span class='ocr_line' id='line_1_16' title="bbox 350 1864 2290 1941; baseline 0.001 -18"><span class='ocrx_word' id='word_1_112' title='bbox 350 1866 568 1938; x_wconf 90' lang='lat' dir='ltr'>conari,</span> <span class='ocrx_word' id='word_1_113' title='bbox 624 1864 983 1938; x_wconf 68' lang='lat' dir='ltr'>consuesset,</span> <span class='ocrx_word' id='word_1_114' title='bbox 1054 1866 1554 1940; x_wconf 90' lang='lat' dir='ltr'>Autophradatem</span> <span class='ocrx_word' id='word_1_115' title='bbox 1604 1865 1665 1923; x_wconf 93' lang='lat' dir='ltr'>in</span> <span class='ocrx_word' id='word_1_116' title='bbox 1738 1866 2170 1941; x_wconf 87' lang='lat' dir='ltr'>Cappadociam</span> <span class='ocrx_word' id='word_1_117' title='bbox 2216 1868 2290 1925; x_wconf 90' lang='lat'>15</span> 
     </span>
     <span class='ocr_line' id='line_1_17' title="bbox 349 1959 2175 2036; baseline 0.001 -18"><span class='ocrx_word' id='word_1_118' title='bbox 349 1961 539 2019; x_wconf 91' lang='lat' dir='ltr'>mittit.</span> <span class='ocrx_word' id='word_1_119' title='bbox 624 1960 743 2017; x_wconf 90' lang='lat' dir='ltr'>Hic</span> <span class='ocrx_word' id='word_1_120' title='bbox 767 1980 842 2017; x_wconf 89' lang='lat' dir='ltr'>ne</span> <span class='ocrx_word' id='word_1_121' title='bbox 869 1961 1083 2019; x_wconf 87' lang='lat' dir='ltr'>intrare</span> <span class='ocrx_word' id='word_1_122' title='bbox 1110 1970 1305 2036; x_wconf 90' lang='lat' dir='ltr'>posset</span> <span class='ocrx_word' id='word_1_123' title='bbox 1332 1960 1563 2032; x_wconf 89' lang='lat' dir='ltr'>saltum,</span> <span class='ocrx_word' id='word_1_124' title='bbox 1587 1959 1648 2016; x_wconf 91' lang='lat' dir='ltr'>in</span> <span class='ocrx_word' id='word_1_125' title='bbox 1669 1978 1782 2034; x_wconf 90' lang='lat' dir='ltr'>quo</span> <span class='ocrx_word' id='word_1_126' title='bbox 1805 1960 2030 2017; x_wconf 80' lang='lat' dir='ltr'>Ciliciae</span> <span class='ocrx_word' id='word_1_127' title='bbox 2044 1980 2175 2036; x_wconf 88' lang='lat' dir='ltr'>por-</span> 
     </span>
     <span class='ocr_line' id='line_1_18' title="bbox 348 2054 2174 2130; baseline 0.001 -17"><span class='ocrx_word' id='word_1_128' title='bbox 348 2067 421 2113; x_wconf 80' lang='lat' dir='ltr'>tae</span> <span class='ocrx_word' id='word_1_129' title='bbox 470 2067 605 2113; x_wconf 87' lang='lat' dir='ltr'>sunt</span> <span class='ocrx_word' id='word_1_130' title='bbox 652 2055 795 2128; x_wconf 82' lang='lat' dir='ltr'>sitae,</span> <span class='ocrx_word' id='word_1_131' title='bbox 825 2055 1105 2113; x_wconf 87' lang='lat' dir='ltr'>Datames</span> <span class='ocrx_word' id='word_1_132' title='bbox 1150 2072 1558 2130; x_wconf 73' lang='lat' dir='ltr'>praeoccupare</span> <span class='ocrx_word' id='word_1_133' title='bbox 1587 2054 1823 2113; x_wconf 87' lang='lat' dir='ltr'>studuit.</span> <span class='ocrx_word' id='word_1_134' title='bbox 1909 2056 2027 2112; x_wconf 88' lang='lat' dir='ltr'>Sed</span> <span class='ocrx_word' id='word_1_135' title='bbox 2056 2067 2174 2114; x_wconf 91' lang='lat' dir='ltr'>tam</span> 
     </span>
     <span class='ocr_line' id='line_1_19' title="bbox 349 2147 2172 2227; baseline 0.001 -19"><span class='ocrx_word' id='word_1_136' title='bbox 349 2148 541 2209; x_wconf 74' lang='lat' dir='ltr'>subito</span> <span class='ocrx_word' id='word_1_137' title='bbox 570 2150 767 2227; x_wconf 90' lang='lat' dir='ltr'>copias</span> <span class='ocrx_word' id='word_1_138' title='bbox 795 2151 1136 2210; x_wconf 88' lang='lat' dir='ltr'>contrahere</span> <span class='ocrx_word' id='word_1_139' title='bbox 1163 2169 1280 2208; x_wconf 91' lang='lat' dir='ltr'>non</span> <span class='ocrx_word' id='word_1_140' title='bbox 1311 2147 1525 2226; x_wconf 88' lang='lat' dir='ltr'>potuit:</span> <span class='ocrx_word' id='word_1_141' title='bbox 1568 2168 1603 2208; x_wconf 88' lang='lat' dir='ltr'>a</span> <span class='ocrx_word' id='word_1_142' title='bbox 1628 2149 1742 2226; x_wconf 69' lang='lat' dir='ltr'>qua</span> <span class='ocrx_word' id='word_1_143' title='bbox 1779 2169 1840 2208; x_wconf 93' lang='lat' dir='ltr'>re</span> <span class='ocrx_word' id='word_1_144' title='bbox 1878 2150 2172 2227; x_wconf 89' lang='lat' dir='ltr'>depulsus,</span> 
     </span>
     <span class='ocr_line' id='line_1_20' title="bbox 351 2245 2171 2323; baseline 0.001 -22"><span class='ocrx_word' id='word_1_145' title='bbox 351 2264 486 2301; x_wconf 92' lang='lat' dir='ltr'>cum</span> <span class='ocrx_word' id='word_1_146' title='bbox 514 2245 584 2302; x_wconf 67' lang='lat' dir='ltr'>ea</span> <span class='ocrx_word' id='word_1_147' title='bbox 613 2265 808 2318; x_wconf 90' lang='lat' dir='ltr'>manu,</span> <span class='ocrx_word' id='word_1_148' title='bbox 838 2265 1011 2321; x_wconf 89' lang='lat' dir='ltr'>quam</span> <span class='ocrx_word' id='word_1_149' title='bbox 1040 2256 1427 2318; x_wconf 85' lang='lat' dir='ltr'>contraxerat,</span> <span class='ocrx_word' id='word_1_150' title='bbox 1469 2245 1663 2303; x_wconf 88' lang='lat' dir='ltr'>locum</span> <span class='ocrx_word' id='word_1_151' title='bbox 1711 2245 1928 2323; x_wconf 78' lang='lat' dir='ltr'>delegit</span> <span class='ocrx_word' id='word_1_152' title='bbox 1974 2247 2171 2320; x_wconf 88' lang='lat' dir='ltr'>talem,</span> 
     </span>
     <span class='ocr_line' id='line_1_21' title="bbox 352 2339 2292 2416; baseline 0.002 -19"><span class='ocrx_word' id='word_1_153' title='bbox 352 2351 629 2416; x_wconf 70' lang='lat' dir='ltr'>ut&#39;neque</span> <span class='ocrx_word' id='word_1_154' title='bbox 658 2340 1060 2399; x_wconf 87' lang='lat' dir='ltr'>circumiretur</span> <span class='ocrx_word' id='word_1_155' title='bbox 1089 2341 1162 2398; x_wconf 90' lang='lat' dir='ltr'>ab</span> <span class='ocrx_word' id='word_1_156' title='bbox 1190 2339 1473 2412; x_wconf 86' lang='lat' dir='ltr'>hostibus,</span> <span class='ocrx_word' id='word_1_157' title='bbox 1496 2359 1686 2415; x_wconf 89' lang='lat' dir='ltr'>neque</span> <span class='ocrx_word' id='word_1_158' title='bbox 1727 2341 2046 2415; x_wconf 70' lang='lat' dir='ltr'>praeteriret</span> <span class='ocrx_word' id='word_1_159' title='bbox 2074 2341 2172 2399; x_wconf 92' lang='lat' dir='ltr'>ad·</span> <span class='ocrx_word' id='word_1_160' title='bbox 2209 2342 2292 2400; x_wconf 76' lang='lat'>20</span> 
     </span>
     <span class='ocr_line' id='line_1_22' title="bbox 352 2434 2173 2511; baseline 0.001 -20"><span class='ocrx_word' id='word_1_161' title='bbox 352 2435 660 2508; x_wconf 74' lang='lat' dir='ltr'>versariuS,</span> <span class='ocrx_word' id='word_1_162' title='bbox 690 2435 830 2510; x_wconf 91' lang='lat' dir='ltr'>quin</span> <span class='ocrx_word' id='word_1_163' title='bbox 860 2434 1210 2511; x_wconf 86' lang='lat' dir='ltr'>ancipitibus</span> <span class='ocrx_word' id='word_1_164' title='bbox 1238 2434 1383 2492; x_wconf 85' lang='lat' dir='ltr'>locis</span> <span class='ocrx_word' id='word_1_165' title='bbox 1408 2445 1784 2509; x_wconf 87' lang='lat' dir='ltr'>premeretur,</span> <span class='ocrx_word' id='word_1_166' title='bbox 1814 2445 1892 2507; x_wconf 92' lang='lat' dir='ltr'>et,</span> <span class='ocrx_word' id='word_1_167' title='bbox 1922 2434 1970 2492; x_wconf 90' lang='lat' dir='ltr'>si</span> <span class='ocrx_word' id='word_1_168' title='bbox 2007 2435 2173 2492; x_wconf 91' lang='lat' dir='ltr'>dimi-</span> 
     </span>
     <span class='ocr_line' id='line_1_23' title="bbox 353 2527 2175 2602; baseline 0 -16"><span class='ocrx_word' id='word_1_169' title='bbox 353 2548 486 2587; x_wconf 88' lang='lat' dir='ltr'>care</span> <span class='ocrx_word' id='word_1_170' title='bbox 515 2548 649 2587; x_wconf 91' lang='lat' dir='ltr'>cum</span> <span class='ocrx_word' id='word_1_171' title='bbox 677 2549 747 2588; x_wconf 92' lang='lat' dir='ltr'>eo</span> <span class='ocrx_word' id='word_1_172' title='bbox 770 2530 959 2602; x_wconf 87' lang='lat' dir='ltr'>vellet,</span> <span class='ocrx_word' id='word_1_173' title='bbox 988 2549 1106 2588; x_wconf 89' lang='lat' dir='ltr'>non</span> <span class='ocrx_word' id='word_1_174' title='bbox 1133 2527 1381 2586; x_wconf 73' lang='lat' dir='ltr'>multum</span> <span class='ocrx_word' id='word_1_175' title='bbox 1408 2528 1613 2586; x_wconf 86' lang='lat' dir='ltr'>obesse</span> <span class='ocrx_word' id='word_1_176' title='bbox 1656 2528 1963 2587; x_wconf 90' lang='lat' dir='ltr'>multitudo</span> <span class='ocrx_word' id='word_1_177' title='bbox 2000 2529 2175 2587; x_wconf 85' lang='lat' dir='ltr'>hosti-</span> 
     </span>
     <span class='ocr_line' id='line_1_24' title="bbox 353 2624 1145 2701; baseline 0.001 -20"><span class='ocrx_word' id='word_1_178' title='bbox 353 2643 452 2681; x_wconf 89' lang='lat' dir='ltr'>um</span> <span class='ocrx_word' id='word_1_179' title='bbox 482 2644 602 2682; x_wconf 81' lang='lat' dir='ltr'>suae</span> <span class='ocrx_word' id='word_1_180' title='bbox 628 2624 908 2701; x_wconf 87' lang='lat' dir='ltr'>paucitati</span> <span class='ocrx_word' id='word_1_181' title='bbox 935 2635 1145 2700; x_wconf 90' lang='lat' dir='ltr'>posset.</span> 
     </span>
    </p>

    <p class='ocr_par' dir='ltr' id='par_1_4' title="bbox 354 2718 2298 3648">
     <span class='ocr_line' id='line_1_25' title="bbox 433 2718 2177 2795; baseline 0.001 -19"><span class='ocrx_word' id='word_1_182' title='bbox 433 2719 607 2776; x_wconf 89' lang='lat' dir='ltr'><strong>VIII.</strong></span> <span class='ocrx_word' id='word_1_183' title='bbox 690 2719 838 2777; x_wconf 82' lang='lat' dir='ltr'>Haec</span> <span class='ocrx_word' id='word_1_184' title='bbox 865 2719 975 2777; x_wconf 88' lang='lat' dir='ltr'>etsi</span> <span class='ocrx_word' id='word_1_185' title='bbox 998 2719 1469 2795; x_wconf 88' lang='lat' dir='ltr'>Autophradates</span> <span class='ocrx_word' id='word_1_186' title='bbox 1485 2718 1737 2792; x_wconf 86' lang='lat' dir='ltr'>videbat,</span> <span class='ocrx_word' id='word_1_187' title='bbox 1760 2730 1953 2777; x_wconf 91' lang='lat' dir='ltr'>tamen</span> <span class='ocrx_word' id='word_1_188' title='bbox 1977 2718 2177 2778; x_wconf 84' lang='lat' dir='ltr'>statuit</span> 
     </span>
     <span class='ocr_line' id='line_1_26' title="bbox 354 2812 2292 2892; baseline 0 -19"><span class='ocrx_word' id='word_1_189' title='bbox 354 2813 652 2892; x_wconf 87' lang='lat' dir='ltr'>congredi,</span> <span class='ocrx_word' id='word_1_190' title='bbox 681 2812 854 2889; x_wconf 72' lang='lat' dir='ltr'>quam</span> <span class='ocrx_word' id='word_1_191' title='bbox 883 2833 1018 2871; x_wconf 90' lang='lat' dir='ltr'>cum</span> <span class='ocrx_word' id='word_1_192' title='bbox 1047 2814 1222 2873; x_wconf 91' lang='lat' dir='ltr'>tantis</span> <span class='ocrx_word' id='word_1_193' title='bbox 1250 2814 1433 2891; x_wconf 91' lang='lat' dir='ltr'>copiis</span> <span class='ocrx_word' id='word_1_194' title='bbox 1461 2816 1744 2891; x_wconf 85' lang='lat' dir='ltr'>refugere,</span> <span class='ocrx_word' id='word_1_195' title='bbox 1777 2826 1875 2873; x_wconf 91' lang='lat' dir='ltr'>aut</span> <span class='ocrx_word' id='word_1_196' title='bbox 1910 2826 2030 2872; x_wconf 91' lang='lat' dir='ltr'>tam</span> <span class='ocrx_word' id='word_1_197' title='bbox 2073 2814 2174 2872; x_wconf 93' lang='lat' dir='ltr'>diu</span> <span class='ocrx_word' id='word_1_198' title='bbox 2212 2815 2292 2873; x_wconf 76' lang='lat'>25</span> 
     </span>
     <span class='ocr_line' id='line_1_27' title="bbox 354 2901 2176 2984; baseline -0.001 -18"><span class='ocrx_word' id='word_1_199' title='bbox 354 2928 471 2967; x_wconf 91' lang='lat' dir='ltr'>uno</span> <span class='ocrx_word' id='word_1_200' title='bbox 497 2910 627 2968; x_wconf 92' lang='lat' dir='ltr'>loco</span> <span class='ocrx_word' id='word_1_201' title='bbox 654 2909 872 2966; x_wconf 91' lang='lat' dir='ltr'>sedere.</span> <span class='ocrx_word' id='word_1_202' title='bbox 958 2908 1232 2966; x_wconf 88' lang='lat' dir='ltr'>Habebat</span> <span class='ocrx_word' id='word_1_203' title='bbox 1260 2908 1645 2967; x_wconf 90' lang='lat' dir='ltr'>Barbarorum</span> <span class='ocrx_word' id='word_1_204' title='bbox 1668 2901 1925 2983; x_wconf 80' lang='lat' dir='ltr'>equitum</span> <span class='ocrx_word' id='word_1_205' title='bbox 1951 2907 2176 2984; x_wconf 88' lang='lat' dir='ltr'>viginti,</span> 
     </span>
     <span class='ocr_line' id='line_1_28' title="bbox 354 3001 2176 3082; baseline -0.001 -21"><span class='ocrx_word' id='word_1_206' title='bbox 354 3004 613 3082; x_wconf 90' lang='lat' dir='ltr'>peditum</span> <span class='ocrx_word' id='word_1_207' title='bbox 666 3016 902 3062; x_wconf 88' lang='lat' dir='ltr'>centum</span> <span class='ocrx_word' id='word_1_208' title='bbox 950 3002 1150 3076; x_wconf 89' lang='lat' dir='ltr'>millia,</span> <span class='ocrx_word' id='word_1_209' title='bbox 1200 3023 1344 3078; x_wconf 89' lang='lat' dir='ltr'>quos</span> <span class='ocrx_word' id='word_1_210' title='bbox 1382 3002 1464 3060; x_wconf 88' lang='lat' dir='ltr'>illi</span> <span class='ocrx_word' id='word_1_211' title='bbox 1512 3001 1814 3059; x_wconf 76' lang='lat' dir='ltr'>Cardacas</span> <span class='ocrx_word' id='word_1_212' title='bbox 1864 3002 2176 3077; x_wconf 89' lang='lat' dir='ltr'>appellant,</span> 
     </span>
     <span class='ocr_line' id='line_1_29' title="bbox 355 3096 2180 3176; baseline -0.001 -20"><span class='ocrx_word' id='word_1_213' title='bbox 355 3099 728 3174; x_wconf 88' lang='lat' dir='ltr'>ejusdemque</span> <span class='ocrx_word' id='word_1_214' title='bbox 755 3097 988 3176; x_wconf 89' lang='lat' dir='ltr'>generis</span> <span class='ocrx_word' id='word_1_215' title='bbox 1008 3097 1121 3157; x_wconf 90' lang='lat' dir='ltr'>tria</span> <span class='ocrx_word' id='word_1_216' title='bbox 1143 3096 1532 3156; x_wconf 84' lang='lat' dir='ltr'>funditorum:</span> <span class='ocrx_word' id='word_1_217' title='bbox 1574 3106 1854 3172; x_wconf 82' lang='lat' dir='ltr'>praeterea</span> <span class='ocrx_word' id='word_1_218' title='bbox 1877 3096 2180 3173; x_wconf 86' lang='lat' dir='ltr'>Cappado-</span> 
     </span>
     <span class='ocr_line' id='line_1_30' title="bbox 356 3191 2177 3269; baseline -0.001 -18"><span class='ocrx_word' id='word_1_219' title='bbox 356 3213 490 3251; x_wconf 91' lang='lat' dir='ltr'>cum</span> <span class='ocrx_word' id='word_1_220' title='bbox 518 3206 670 3267; x_wconf 89' lang='lat' dir='ltr'>octo,</span> <span class='ocrx_word' id='word_1_221' title='bbox 701 3193 1113 3251; x_wconf 90' lang='lat' dir='ltr'>Armeniorum</span> <span class='ocrx_word' id='word_1_222' title='bbox 1141 3194 1368 3266; x_wconf 91' lang='lat' dir='ltr'>decem,</span> <span class='ocrx_word' id='word_1_223' title='bbox 1418 3192 1855 3269; x_wconf 88' lang='lat' dir='ltr'>Paphlagonum</span> <span class='ocrx_word' id='word_1_224' title='bbox 1903 3191 2177 3268; x_wconf 90' lang='lat' dir='ltr'>quinque,</span> 
     </span>
     <span class='ocr_line' id='line_1_31' title="bbox 357 3287 2298 3365; baseline 0.002 -20"><span class='ocrx_word' id='word_1_225' title='bbox 357 3287 651 3365; x_wconf 85' lang='lat' dir='ltr'>Phrygum</span> <span class='ocrx_word' id='word_1_226' title='bbox 688 3289 915 3362; x_wconf 90' lang='lat' dir='ltr'>decem,</span> <span class='ocrx_word' id='word_1_227' title='bbox 965 3288 1259 3364; x_wconf 73' lang='lat' dir='ltr'>Lydorum</span> <span class='ocrx_word' id='word_1_228' title='bbox 1313 3287 1588 3364; x_wconf 89' lang='lat' dir='ltr'>quinque,</span> <span class='ocrx_word' id='word_1_229' title='bbox 1643 3287 2073 3361; x_wconf 89' lang='lat' dir='ltr'>Aspendiorum</span> <span class='ocrx_word' id='word_1_230' title='bbox 2122 3300 2182 3348; x_wconf 91' lang='lat' dir='ltr'>et</span> <span class='ocrx_word' id='word_1_231' title='bbox 2219 3290 2298 3348; x_wconf 85' lang='lat'>30</span> 
     </span>
     <span class='ocr_line' id='line_1_32' title="bbox 356 3380 2183 3457; baseline 0 -17"><span class='ocrx_word' id='word_1_232' title='bbox 356 3383 682 3440; x_wconf 88' lang='lat' dir='ltr'>Pisidarum</span> <span class='ocrx_word' id='word_1_233' title='bbox 711 3382 942 3442; x_wconf 90' lang='lat' dir='ltr'>circiter</span> <span class='ocrx_word' id='word_1_234' title='bbox 969 3381 1100 3457; x_wconf 91' lang='lat' dir='ltr'>tria,</span> <span class='ocrx_word' id='word_1_235' title='bbox 1130 3383 1385 3441; x_wconf 90' lang='lat' dir='ltr'>Cilicum</span> <span class='ocrx_word' id='word_1_236' title='bbox 1413 3382 1549 3454; x_wconf 91' lang='lat' dir='ltr'>du0,</span> <span class='ocrx_word' id='word_1_237' title='bbox 1588 3380 2005 3457; x_wconf 89' lang='lat' dir='ltr'>Captianorum</span> <span class='ocrx_word' id='word_1_238' title='bbox 2052 3382 2183 3442; x_wconf 88' lang='lat' dir='ltr'>toti-</span> 
     </span>
     <span class='ocr_line' id='line_1_33' title="bbox 357 3475 2183 3552; baseline -0.001 -17"><span class='ocrx_word' id='word_1_239' title='bbox 357 3479 512 3552; x_wconf 89' lang='lat' dir='ltr'>dem,</span> <span class='ocrx_word' id='word_1_240' title='bbox 539 3497 612 3537; x_wconf 86' lang='lat' dir='ltr'>ex</span> <span class='ocrx_word' id='word_1_241' title='bbox 638 3478 869 3536; x_wconf 71' lang='lat' dir='ltr'>Graecia</span> <span class='ocrx_word' id='word_1_242' title='bbox 904 3479 1325 3537; x_wconf 89' lang='lat' dir='ltr'>conductorum</span> <span class='ocrx_word' id='word_1_243' title='bbox 1351 3476 1462 3536; x_wconf 87' lang='lat' dir='ltr'>tria</span> <span class='ocrx_word' id='word_1_244' title='bbox 1488 3475 1670 3533; x_wconf 92' lang='lat' dir='ltr'>millia</span> <span class='ocrx_word' id='word_1_245' title='bbox 1694 3496 1706 3534; x_wconf 75' lang='grc' dir='ltr'>ε</span> <span class='ocrx_word' id='word_1_246' title='bbox 1750 3476 1893 3534; x_wconf 87' lang='lat' dir='ltr'>levis</span> <span class='ocrx_word' id='word_1_247' title='bbox 1937 3489 2183 3536; x_wconf 87' lang='lat' dir='ltr'>armatu-</span> 
     </span>
     <span class='ocr_line' id='line_1_34' title="bbox 358 3567 2184 3648; baseline -0.002 -16"><span class='ocrx_word' id='word_1_248' title='bbox 358 3591 434 3632; x_wconf 70' lang='grc' dir='ltr'>τω</span> <span class='ocrx_word' id='word_1_249' title='bbox 487 3573 804 3632; x_wconf 80' lang='lat' dir='ltr'>maximum</span> <span class='ocrx_word' id='word_1_250' title='bbox 851 3592 1173 3631; x_wconf 91' lang='lat' dir='ltr'>numerum.</span> <span class='ocrx_word' id='word_1_251' title='bbox 1285 3571 1413 3630; x_wconf 91' lang='lat' dir='ltr'>Has</span> <span class='ocrx_word' id='word_1_252' title='bbox 1475 3567 1749 3629; x_wconf 71' lang='lat' dir='ltr'>adversus</span> <span class='ocrx_word' id='word_1_253' title='bbox 1802 3570 1999 3647; x_wconf 89' lang='lat' dir='ltr'>copias</span> <span class='ocrx_word' id='word_1_254' title='bbox 2052 3590 2184 3648; x_wconf 85' lang='lat' dir='ltr'>spes</span> 
     </span>
    </p>
   </div>
  </div>
 </body>
</html>
