2619 4349
366 408 445 465 70
1194 416 1609 466 PELOPIDAS.

484 575 984 647 Lacedaemonius,
1039 594 1217 650 quum
1272 575 1591 632 exercitum
1658 573 1983 650 Olynthum
2050 575 2316 642 duceret,

484 672 703 748 iterque
731 690 832 747 per
862 670 1102 727 Thebas
1132 671 1369 742 faceret,
1400 689 1593 727 arcem
1630 669 1847 746 oppidi,
1877 689 2003 745 quae
2049 670 2313 727 Cadmea

482 769 834 839 nominatur,
879 766 1186 842 occupavit
1234 766 1485 842 impulsu
1527 785 1949 842 perpaucorum
1996 765 2313 824 Thebano·

472 883 629 936 rum,
669 863 787 938 qui,
839 861 1178 919 adversariae
1228 862 1467 920 factioni
1514 860 1628 937 quo
1679 861 1910 919 facilius
1959 862 2316 934 resisterent,

399 961 442 1017 5
482 959 783 1017 Laconum
813 958 985 1014 rebus
1014 957 1361 1014 studebant:
1407 956 1578 1031 idque
1602 976 1707 1014 suo
1755 956 1996 1031 private,
2025 976 2144 1014 non
2170 957 2318 1032 pub-

479 1055 615 1127 lico,
662 1052 799 1111 fecit
845 1051 1105 1109 consilio,
1188 1051 1331 1113 Quo
1380 1052 1534 1109 facto
1575 1070 1711 1109 eum
1761 1051 2196 1110 Lacedaemonii
2242 1051 2316 1108 ab

479 1148 739 1206 exercitu
789 1157 1155 1205 removerunt
1201 1145 1565 1221 pecuniaque
1614 1145 1966 1205 multarunt:
2009 1166 2198 1222 neque
2241 1144 2315 1204 eo

480 1243 665 1319 magis
722 1261 913 1299 arcem
971 1240 1275 1297 Thebanis
1330 1240 1731 1314 reddiderunt,
1795 1239 1948 1316 quod
2022 1242 2309 1318 susceptis

480 1337 801 1395 inimicitiis
830 1335 1010 1394 satius
1038 1335 1335 1393 ducebant
1376 1355 1477 1394 eos
1524 1336 1798 1409 obsideri,
1837 1334 2008 1412 quam
2057 1337 2310 1395 liberari.

365 1435 439 1492 10
480 1433 637 1491 Nam
664 1443 793 1508 post
819 1430 1304 1505 Peloponnesium
1355 1431 1572 1488 bellum
1625 1433 2003 1508 Athenasque
2049 1433 2309 1492 devictas

478 1547 613 1585 cum
643 1526 947 1584 Thebanis
976 1524 1085 1582 sibi
1115 1545 1236 1582 rem
1275 1546 1404 1583 esse
1453 1526 1886 1600 existimabant,
1928 1540 1986 1586 et
2028 1548 2129 1588 eos
2177 1549 2307 1588 esse

477 1624 648 1694 so103,
702 1620 800 1696 qui
855 1617 1129 1678 adversus
1181 1620 1448 1678 resistere
1516 1622 1814 1680 auderent.
1920 1622 2056 1680 Hac
2111 1634 2308 1682 mente

478 1717 682 1775 amicis
729 1716 849 1774 suis
903 1735 1157 1773 summas
1210 1727 1526 1792 potestates
1596 1718 1899 1791 dederant,
1958 1718 2309 1794 alteriusque

478 1811 746 1871 factionis
772 1810 1066 1887 principes
1093 1811 1301 1887 partim
1331 1811 1764 1887 interfecerant,
1797 1813 1938 1872 alios
1978 1814 2038 1871 in
2069 1815 2312 1872 exilium

363 1910 437 1967 15
480 1908 812 1984 ejecerant:
856 1905 915 1963 in
970 1906 1179 1981 quibus
1233 1905 1541 1983 Pelopidas
1595 1908 1712 1982 hic,
1768 1909 1841 1967 de
1889 1929 2001 1984 quo
2049 1910 2308 1969 scribere

477 2002 668 2061 exorsi
690 2021 911 2074 sumuS,
939 2001 1159 2076 pulsuS,
1188 2001 1376 2078 patria
1406 2003 1659 2061 carebat.

555 2098 637 2156 ΙΙ.
722 2097 804 2154 Hi
834 2116 1036 2155 omnes
1068 2095 1186 2155 fere
1217 2097 1485 2156 Athenas
1515 2118 1576 2156 se
1606 2099 1992 2174 contulerant,
2036 2121 2155 2159 non
2192 2099 2311 2179 quo

473 2208 851 2273 sequerentur
878 2197 1082 2269 otium,
1111 2197 1214 2253 sed
1242 2207 1327 2268 ut,
1351 2216 1635 2273 quemque
1683 2218 1757 2257 ex
1805 2200 2066 2276 proximo
2112 2203 2310 2260 locum

475 2294 588 2351 fors
615 2292 937 2364 obtulisset,
980 2311 1051 2351 eo
1093 2291 1338 2368 patriam
1386 2312 1730 2369 recuperare
1769 2295 2108 2356 niterentur.
2192 2298 2312 2357 Ita·

354 2388 435 2446 20
476 2406 587 2463 que
614 2406 791 2462 quum
819 2397 1046 2462 tempus
1083 2401 1172 2445 est
1217 2387 1404 2445 visum
1452 2388 1536 2446 rei
1580 2391 1872 2465 gerendae,
1923 2394 2311 2470 communiter

474 2502 609 2541 cum
641 2483 750 2556 his,
777 2482 876 2560 qui
904 2482 1130 2541 Thebis
1157 2482 1315 2541 idem
1358 2484 1708 2558 sentiebant,
1739 2486 1895 2545 diem
1940 2489 2305 2565 delegerunt,

475 2579 547 2638 ad
578 2578 846 2637 inimicos
872 2578 1281 2654 opprimendos
1311 2580 1717 2656 civitatemque
1739 2581 2121 2657 liberandam,
2145 2604 2304 2660 eum,

472 2694 585 2748 quo
639 2672 876 2729 maximi
930 2672 1300 2747 magistratus
1356 2673 1527 2732 simul
1584 2691 2008 2737 consueverant
2061 2680 2304 2755 epulari.

474 2766 708 2843 Magnae
757 2765 911 2842 saepe
962 2785 1054 2822 res
1103 2785 1220 2823 non
1276 2766 1358 2824 ita
1401 2768 1629 2842 magnis
1674 2770 1858 2845 copiis
1906 2785 2043 2831 sunt
2084 2787 2305 2849 gestae-3

353 2862 433 2919 25
472 2860 574 2918 sed
603 2856 861 2936 profecto
892 2877 1189 2933 nunquam
1240 2859 1313 2916 ab
1361 2871 1479 2917 tam
1524 2861 1686 2918 tenui
1737 2862 1902 2922 initio
1946 2876 2123 2925 tantae
2167 2891 2309 2947 opes

469 2965 607 3013 sunt
654 2952 986 3030 prossigatae.
1097 2952 1254 3010 Nam
1309 2953 1617 3012 duodecim
1676 2958 2095 3019 adolescentuli
2150 2970 2306 3024 coi'e.

470 3060 607 3110 runt
633 3068 707 3107 ex
733 3048 845 3122 his,
875 3046 972 3124 qui
1000 3047 1174 3106 exilio
1194 3060 1360 3107 erant
1388 3048 1635 3124 multati,
1680 3071 1856 3127 quum
1900 3056 2138 3117 omnino
2182 3080 2301 3120 non

469 3155 666 3204 essent
693 3143 941 3221 amplius
974 3155 1232 3216 centum,
1262 3144 1362 3219 qui
1390 3155 1552 3203 tanto
1595 3166 1657 3204 se
1698 3149 1973 3210 offerrent
2019 3155 2299 3230 periculo.

468 3240 611 3302 Qua
637 3239 930 3316 paucitate
957 3238 1225 3314 perculsa
1262 3250 1352 3298 est
1399 3237 1975 3304 Lacedaemoniorum
2021 3251 2300 3324 potentia.

348 3337 431 3396 30
472 3334 555 3409 Hi
623 3333 781 3392 enim
856 3354 974 3393 non
1044 3333 1231 3411 magis
1302 3336 1759 3397 adversariorum
1814 3342 2074 3417 factioni,
2128 3343 2304 3420 quam

470 3427 793 3507 Spartanis,
821 3448 893 3488 eo
920 3440 1177 3506 tempore
1205 3430 1423 3489 bellum
1472 3431 1824 3508 intulerunt3
1867 3438 1967 3513 qui
2009 3439 2306 3518 principes

467 3536 635 3584 erant
661 3523 836 3583 totius
881 3524 1148 3599 Graeciae,
1202 3544 1448 3602 quorum
1495 3526 1723 3606 imperii
1771 3532 2062 3608 majestas,
2112 3555 2305 3612 neque

466 3620 548 3679 ita
574 3618 756 3680 multo
783 3618 935 3699 post,
964 3619 1279 3681 Leuctrica
1302 3622 1523 3701 pugna,
1554 3624 1628 3683 ab
1655 3625 1767 3685 hoc
1815 3626 1982 3688 initio
2015 3632 2306 3709 perculsa,
