2619 4349
1028 401 1471 486 TlMoTHEUs.
2202 389 2282 447 53

339 560 642 641 Philippus
663 565 783 641 jam
822 575 944 622 tum
968 564 1164 621 valens
1203 561 1511 640 [Macedo]
1563 559 1748 618 multa
1787 558 2164 618 moliebatur:

338 661 438 719 cui
464 659 761 736 oppositus
788 660 1013 717 Chares
1040 678 1219 734 quum
1245 667 1419 730 esset,
1449 675 1564 713 non
1595 651 1737 713 satis
1766 653 1827 712 in
1869 673 1940 712 eo
1974 654 2168 731 praesi-

339 756 421 813 dii
449 755 777 831 putabatur.
862 754 960 813 Fit
988 753 1370 811 Menestheus
1395 762 1623 829 praetor,
1648 750 1802 808 filius
1834 749 2165 826 Iphicratis,

340 869 520 928 gener
548 848 868 923 Timothei,
896 860 974 921 et,
1004 860 1067 906 ut
1097 849 1169 906 ad
1198 848 1414 905 bellum
1455 846 1876 924 proficiscatur,
1905 845 2169 904 decerni·

339 956 450 1004 tur.
535 943 697 1001 Huic
725 943 785 1000 in
829 942 1136 1001 consilium
1184 943 1396 1021 dantur
1446 941 1563 999 duo
1610 960 1721 999 usu
1768 940 2169 1018 sapientiaque
2208 942 2249 999 5

339 1050 698 1116 praestanteS‚
746 1057 988 1114 quorum
1032 1037 1277 1096 consilio
1320 1048 1597 1110 uteretur,
1651 1048 1814 1114 pater
1862 1049 1922 1096 et
1969 1056 2167 1096 socer:

342 1133 497 1210 quod
528 1134 587 1191 in
617 1134 707 1191 his
736 1145 896 1192 tanta
922 1145 1046 1191 erat
1075 1132 1408 1204 auctoritaS,
1448 1142 1511 1189 ut
1559 1150 1774 1208 magna
1816 1151 1948 1208 spes
1994 1144 2167 1206 esset,

340 1248 442 1306 per
470 1249 569 1287 eos
598 1229 810 1286 amissa
836 1247 1022 1305 posse,
1040 1226 1389 1304 recuperari.
1474 1225 1557 1283 Hi
1578 1245 1756 1302 quum
1786 1226 2027 1284 Samum
2045 1246 2172 1303 pro·

344 1324 480 1382 fecti
509 1336 722 1396 essent,
754 1335 813 1382 et
840 1322 1049 1380 eodem
1078 1323 1323 1394 ChareS,
1365 1322 1617 1380 adventu
1664 1341 1864 1380 eorum
1910 1322 2166 1399 cognito,

339 1438 477 1476 cum
509 1419 628 1477 suis
656 1418 839 1494 copiis
866 1418 1349 1495 proficisceretur,
1374 1437 1448 1475 ne
1476 1417 1616 1493 quid
1663 1418 1902 1476 absente
1946 1438 2008 1476 se
2040 1439 2168 1495 ges-
2213 1420 2287 1476 10

342 1526 462 1572 tum
495 1514 783 1572 videretur
802 1533 815 1583 ;
862 1513 1096 1585 accidit,
1125 1532 1301 1588 quum
1337 1513 1411 1570 ad
1456 1512 1705 1569 insulam
1753 1513 2168 1589 appropinqua-

343 1621 491 1680 rent,
522 1619 585 1665 ut
633 1628 845 1685 magna
888 1620 1200 1684 tempestas
1246 1608 1530 1677 oriretur3
1573 1627 1747 1683 quam
1794 1608 2010 1667 evitare
2053 1609 2169 1668 duo

345 1714 567 1761 veteres
587 1703 959 1778 imperatores
982 1703 1122 1760 utile
1145 1702 1426 1775 arbitrati,
1451 1722 1616 1761 suam
1639 1704 1885 1761 classem
1908 1724 2172 1781 suppres-

343 1810 558 1856 serunt.
643 1799 723 1855 At
757 1798 849 1855 ille
891 1798 1198 1856 temeraria
1240 1817 1381 1855 usus
1429 1800 1651 1857 ratione
1694 1819 1810 1856 non
1850 1799 2026 1858 cessit
2053 1819 2172 1857 ma·

338 1893 528 1968 iorum
560 1904 699 1950 natu
729 1892 1078 1966 auctoritati,
1107 1904 1186 1965 et,
1204 1904 1270 1951 ut
1290 1892 1341 1950 si
1364 1892 1424 1950 in
1443 1894 1549 1950 sua
1567 1893 1698 1951 navi
1715 1906 1869 1953 esset
1888 1894 2167 1968 Fortuna,
2216 1897 2290 1952 15

343 1987 457 2063 quo
488 1989 886 2060 contenderat,
912 1987 1171 2063 pervenit
1195 2007 1209 2045 ε
1251 1985 1573 2063 eodemque
1598 2001 1661 2047 ut
1678 2001 2074 2064 sequerentur,
2100 1991 2170 2047 ad

345 2083 720 2141 Timotheum
751 2094 810 2141 et
838 2082 1189 2158 Iphicratem
1236 2076 1508 2141 nuntium
1558 2082 1730 2142 misit.
1815 2083 1976 2141 Hinc
2020 2082 2170 2142 male

343 2199 406 2238 re
434 2179 617 2256 gesta,
647 2179 1038 2255 compluribus
1067 2179 1290 2237 amissis
1317 2179 1585 2253 navibuS‚
1613 2177 1842 2254 eodem,
1872 2182 2027 2239 unde
2050 2192 2175 2240 erat

342 2269 655 2351 profectus,
685 2294 747 2331 se
776 2274 1015 2350 recepit,
1044 2274 1377 2350 litterasque
1407 2276 1674 2333 Athenas
1721 2275 1955 2352 publice
1997 2277 2171 2349 misit,

238 2395 247 2398 ¹
345 2370 455 2428 sibi
483 2370 736 2445 proclive
765 2370 943 2428 fuisse
974 2370 1212 2427 Samum
1243 2389 1498 2445 capere,-
1518 2370 1633 2428 nisi
1679 2390 1712 2428 a
1761 2371 2075 2431 Timotheo
2115 2384 2173 2430 et
2212 2373 2293 2429 20

346 2464 640 2541 Iphicrate
669 2466 930 2523 desertus
958 2476 1127 2522 esset.
1215 2463 1341 2542 [Ob
1363 2484 1493 2522 eam
1522 2484 1644 2522 rem
1674 2465 1735 2522 in
1765 2465 1984 2523 crimen
2010 2486 2175 2525 voca-

347 2561 604 2640 bantur.]
691 2560 945 2637 Populus
975 2579 1129 2633 acer,
1158 2560 1449 2637 suspicax,
1496 2560 1746 2633 mobilis,
1793 2561 2172 2634 adversarius,

347 2656 577 2713 invidus
630 2656 804 2715 etiam
860 2655 1154 2731 potentiae,
1204 2656 1439 2714 domum
1493 2667 1766 2714 revocat:
1826 2668 2175 2715 accusantur

345 2750 703 2826 proditionis.
788 2751 921 2809 Hoc
972 2750 1196 2827 judicio
1235 2752 1544 2810 damnatur
1593 2751 1962 2826 Timotheus,
1991 2752 2176 2829 lisque

347 2846 474 2922 ejus
502 2847 815 2906 aestimatur
844 2858 1081 2904 centum
1110 2847 1361 2906 talentis.
1444 2848 1552 2906 Ille
1580 2848 1715 2908 odio
1760 2849 2000 2925 ingratae
2040 2849 2175 2907 civi·
2215 2850 2295 2907 25

348 2939 482 2998 tatis
511 2953 767 3015 coactus,
798 2941 1142 2998 Chalcidem
1172 2961 1234 2998 se
1263 2942 1526 3001 contulit.

427 3034 535 3092 IV.
619 3035 813 3112 Hujus
839 3046 968 3111 post
997 3047 1240 3093 mortem
1286 3055 1465 3111 quum
1513 3038 1789 3113 populum
1828 3036 2037 3113 judicii
2087 3039 2177 3095 sui

347 3127 672 3203 poeniteret‚
701 3130 895 3188 multae
925 3149 1132 3188 novem
1153 3142 1345 3206 partes
1366 3131 1634 3205 detraxit,
1655 3144 1710 3191 et
1735 3134 1939 3190 decem
1962 3134 2180 3191 talenta

351 3222 653 3282 Cononem
682 3224 864 3281 filium
893 3224 1020 3300 ejus
1051 3225 1122 3281 ad
1153 3225 1303 3283 muri
1332 3226 1622 3301 quandam
1652 3238 1873 3303 partem
1914 3226 2179 3286 reficien-

351 3316 484 3374 dam
535 3318 706 3394 jussit
761 3319 918 3376 dare.
1028 3317 1100 3382 In
1155 3339 1268 3395 quo
1318 3321 1560 3379 sortunae
1614 3321 1860 3380 varietas
1914 3335 2003 3382 est
2058 3322 2179 3380 ani-
2219 3323 2298 3380 30

353 3413 669 3471 madversa.
769 3413 925 3471 Nam
980 3433 1124 3489 quos
1178 3434 1318 3472 avus
1373 3415 1580 3473 Conon
1635 3435 1829 3475 muros
1877 3437 1949 3475 ex
2004 3418 2180 3477 hosti-

355 3524 452 3563 um
480 3507 675 3583 praeda
702 3507 902 3584 patrixe
929 3508 1278 3582 restituerat,
1302 3510 1536 3567 eosdem
1565 3530 1765 3587 nepos,
1795 3532 1928 3570 cum
1951 3513 2179 3571 summa

355 3600 674 3677 ignominia
714 3602 966 3676 familiae,
1001 3622 1072 3660 ex
1118 3603 1223 3661 sua
1271 3622 1333 3661 re
1366 3604 1631 3662 familiari
1673 3606 1911 3665 reficere
1941 3620 2176 3666 coactus

743 3697 784 3754 5
810 3696 845 3731 ο
