2619 4349
357 414 399 473 2
1154 421 1500 473 PREFACE.

476 579 586 640 fixit
611 579 1212 658 turpitudini.-Quae
1238 579 1439 640 omnia
1474 579 1628 657 apud
1669 597 1777 639 nos
1804 580 2015 657 partim
2044 580 2304 655 infamia,

473 674 684 753 partim
736 674 981 734 humilia
1035 686 1206 750 atque
1248 673 1325 732 ab
1363 674 1668 733 honestate
1709 685 1950 748 remota,
1990 688 2302 752 ponuntur.

472 768 777 828 —Contra
834 787 924 842 ea,
978 768 1252 845 pleraque
1307 766 1519 827 nostris
1571 767 1827 826 moribus
1880 779 2017 827 sunt
2069 768 2304 842 decora,

473 880 600 937 quae
630 861 782 940 apud
811 861 939 920 illos
965 860 1158 939 turpia
1191 872 1486 938 putantur.
1567 859 1768 924 Quem
1809 860 1967 919 enim
2008 860 2306 921 Romano·

391 956 434 1015 5
473 974 603 1014 rum
641 955 841 1033 pudet,
883 974 1124 1014 uxorem
1165 955 1384 1014 ducere
1445 954 1507 1013 in
1550 954 1926 1013 convivium?
1996 967 2097 1015 aut
2137 975 2306 1032 cujus

472 1048 930 1107 mater-familias
967 1068 1086 1107 non
1127 1048 1379 1126 primum
1418 1048 1613 1108 locum
1653 1059 1817 1109 tenet
1858 1048 2091 1122 aedium,
2134 1060 2304 1124 atquo

472 1142 534 1200 in
576 1141 913 1202 celebritate
939 1144 1245 1201 venatui-‘l
1325 1141 1508 1206 Quod
1546 1141 1732 1202 multo
1770 1141 1836 1201 fit
1864 1141 2027 1201 aliter
2057 1142 2119 1200 in
2147 1142 2306 1201 Grae·

471 1235 584 1294 cia.
667 1235 826 1295 Nam
866 1253 1057 1312 neque
1097 1237 1158 1294 in
1200 1235 1531 1294 convivium
1572 1235 1900 1309 adhibetur,
1930 1235 2045 1294 nisi
2075 1236 2306 1313 propin-

469 1348 748 1405 quorum;
804 1348 993 1404 neque
1047 1329 1231 1403 sedet,
1274 1328 1390 1387 nisi
1444 1329 1504 1387 in
1548 1327 1821 1388 interiore
1860 1340 2024 1406 parte
2068 1329 2300 1403 aedium,

356 1424 431 1481 10
469 1441 598 1499 quae
638 1422 1023 1500 gynaeconitis
1079 1422 1432 1499 appellatum
1493 1420 1610 1498 quo
1666 1441 1840 1481 nemo
1896 1422 2145 1496 accedit,
2187 1422 2302 1481 nisi

468 1515 790 1593 propinqua
811 1514 1161 1593 cognatione
1193 1513 1766 1591 conjunctuS.—Sed
1794 1513 1893 1572 hic
1918 1516 2088 1591 plura
2112 1535 2304 1592 perse·

470 1608 570 1684 qui
610 1620 736 1668 tum
776 1607 1120 1686 magnitudo
1146 1607 1457 1667 voluminis
1495 1607 1782 1685 prohibet,
1823 1620 1948 1668 tum
1991 1608 2303 1683 festinatio,

471 1712 536 1761 ut
562 1720 635 1761 ea
654 1702 964 1779 explicem,
979 1721 1109 1779 quae
1133 1721 1375 1761 exorsus
1394 1716 1542 1761 sum.
1623 1702 1833 1766 Quare
1857 1702 1930 1761 ad
1948 1701 2304 1780 propositum

469 1794 790 1870 veniemus,
811 1806 872 1855 et
899 1795 962 1854 in
987 1796 1103 1856 hoc
1127 1814 1487 1874 exponemus
1512 1795 1661 1856 libro
1685 1796 1761 1855 de
1783 1795 1902 1856 vita
1926 1796 2307 1856 annuentium

356 1888 430 1948 15
469 1887 906 1969 Insuper-aterum.
