2619 4349
1028 418 1389 468 EUMENES.
2181 413 2262 473 85

315 572 473 631 fumo
501 578 818 632 castrorum
846 576 971 651 ejus
1013 577 1268 653 suspicio
1316 578 1489 637 allata
1536 590 1626 638 est
1676 581 1747 638 ad
1794 580 2141 654 Eumenem,

315 669 538 726 bostem
593 670 1067 746 appropinquare.
1153 672 1529 732 Conveniunt
1579 674 1804 746 duces3
1847 676 2139 752 quaeritur,

312 763 450 837 quid
476 782 620 839 opus
637 764 711 821 sit
739 764 908 822 facto.
993 764 1409 842 Intelligebant
1448 788 1674 842 omnes,
1719 781 1837 828 tam
1876 771 2141 829 celeriter

312 857 511 933 copias
560 858 813 934 ipsorum
866 860 1132 917 contrahi
1185 880 1303 919 non
1357 882 1546 938 posse,
1590 863 1766 940 quam
1805 865 2142 943 Antigonus

313 954 615 1012 adfuturus
670 955 986 1013 videbatur.
1097 954 1218 1014 Hic
1292 958 1564 1016 omnibus
1612 959 2016 1034 titubantibus-3,
2080 972 2141 1020 et
2179 962 2221 1019 5

313 1049 386 1106 de
440 1048 612 1107 rebus
666 1050 908 1107 summis
959 1050 1424 1127 desperantibus,
1460 1053 1774 1113 ,Eumenes
1824 1055 1924 1128 ait,
1970 1056 2019 1114 si
2047 1075 2141 1113 ce-

311 1143 596 1202 leritatem
626 1145 804 1202 velint
831 1145 1126 1218 adhibere,
1157 1157 1217 1204 et
1239 1145 1520 1222 imperata
1548 1149 1761 1221 facere,
1805 1150 1959 1225 quod
2002 1148 2139 1208 ante

313 1258 429 1297 non
480 1240 743 1312 fecerint,
794 1260 856 1298 se
910 1260 1033 1299 rem
1066 1243 1507 1317 expediturum.
1608 1243 1765 1301 Nam
1817 1242 1973 1320 quod
2021 1244 2141 1303 die-

313 1335 421 1392 bus
474 1335 726 1410 quinque
782 1337 962 1394 hostis
1028 1335 1303 1396 transisse
1377 1351 1590 1414 posset,
1646 1359 1708 1397 se
1775 1340 2139 1415 effecturum,

316 1442 380 1488 ut
435 1450 554 1488 non
608 1428 803 1488 minus
854 1432 1093 1490 totidem
1148 1433 1374 1491 dierum
1443 1434 1628 1510 spatio
1697 1435 2121 1493 retardaretur:
2184 1436 2258 1493 10

313 1544 490 1600 quare
512 1526 907 1600 circumirent,
931 1547 1066 1585 suas
1088 1527 1333 1603 quisque
1354 1530 1552 1606 copias
1572 1531 1956 1589 contraheret.
2041 1531 2138 1588 Ad

316 1621 601 1697 Antigoni
645 1633 837 1679 autem
886 1623 1297 1680 refrenandum
1349 1624 1649 1700 impetum,
1680 1625 1794 1682 tale
1823 1625 1979 1701 capit
2006 1644 2142 1682 con-

314 1716 523 1774 silium.
607 1718 814 1776 Certos
842 1717 1017 1776 mittit
1046 1719 1311 1777 homines
1362 1720 1434 1776 ad
1482 1718 1712 1778 infimos
1750 1731 1996 1793 montes,
2040 1720 2141 1795 qui

312 1812 465 1869 obvii
503 1824 668 1871 erant
706 1813 900 1871 itineri
944 1814 1434 1873 adversariorum:
1494 1815 1697 1890 hisque
1746 1816 2027 1892 praecipit,
2075 1826 2141 1873 ut

313 1907 498 1984 prima
527 1920 719 1980 nocte,
748 1907 920 1984 quam
941 1908 1223 1967 latissime
1249 1910 1490 1986 possint,
1517 1910 1683 1986 ignes
1711 1910 1929 1969 faciant
1964 1909 2136 1986 quam
2183 1911 2256 1968 15

314 2003 613 2075 maximos,
669 2014 837 2078 atque
893 2005 998 2061 hos
1050 2005 1313 2062 secunda
1375 2005 1571 2080 vigilia
1635 2004 1919 2077 minuant,
1971 2005 2142 2063 tertia

312 2097 656 2174 perexiguos
682 2098 960 2156 reddant:
1003 2109 1062 2155 et
1111 2097 1444 2156 assimulata
1472 2111 1790 2157 castrorum
1833 2110 2140 2156 consuetu-

312 2195 449 2251 dine
478 2193 866 2269 suspicionem
897 2193 1163 2270 injiciant
1190 2194 1471 2266 hostibus,
1501 2193 1591 2251 his
1612 2193 1757 2252 locis
1778 2213 1906 2252 esse
1928 2205 2142 2265 castra,

314 2307 383 2345 ac
412 2289 484 2345 de
533 2306 732 2345 eorum
779 2287 1031 2347 adventu
1072 2288 1555 2364 praenuntiatum3
1601 2288 1868 2364 idemque
1910 2290 2140 2365 postera

312 2394 485 2442 nocte
515 2382 748 2441 faciant.
829 2382 1069 2444 Quibus
1095 2382 1441 2458 imperatum
1468 2395 1610 2455 erat,
1649 2384 1957 2459 diligenter
1999 2403 2141 2460 prae-
2178 2385 2257 2443 20

313 2489 546 2555 ceptum
593 2488 818 2537 curant.
928 2476 1281 2553 Antigonus,
1341 2477 1595 2536 tenebris
1667 2478 1903 2549 obortis,
1975 2478 2141 2553 ignes

314 2573 717 2649 conspicatur:
780 2573 968 2630 credit
1015 2573 1089 2629 de
1137 2590 1244 2631 suo
1286 2572 1538 2629 adventu
1585 2591 1714 2629 esse
1759 2571 2041 2643 auditum,
2081 2583 2142 2631 et

314 2668 668 2727 adversarios
696 2667 835 2726 illuc
861 2686 996 2725 suas
1024 2666 1381 2725 contraxisse
1409 2665 1623 2742 copias.
1708 2665 1902 2725 Mutat
1924 2665 2134 2724 consil-

314 2763 456 2837 ium,
485 2775 564 2836 et,
592 2762 865 2839 quoniam
896 2762 1291 2839 imprudentes
1320 2760 1530 2820 adoriri
1556 2781 1674 2819 non
1701 2774 1916 2838 posset,
1960 2761 2142 2821 flectit

315 2858 425 2917 iter
470 2877 663 2931 suum,
692 2869 766 2916 et·
800 2857 964 2916 illum
1019 2859 1346 2916 anfractum
1389 2857 1707 2933 longiorem
1756 2857 2003 2933 copiosae
2032 2856 2138 2915 viae
2178 2857 2258 2915 25
2300 2928 2310 2936 .

316 2953 509 3029 capit3
569 2953 764 3029 ibique
811 2953 968 3011 diem
1022 2971 1205 3010 unum
1257 2953 1571 3028 opperitur,
1617 2951 1689 3009 ad
1740 2951 2142 3009 lassitudinem

316 3050 633 3108 sedandam
661 3048 909 3107 militum
941 3066 1011 3106 ac
1039 3047 1357 3105 reficienda
1379 3046 1662 3122 jumenta,
1686 3043 1800 3121 quo
1831 3044 2141 3121 integriore

317 3144 577 3203 exercitu
607 3146 966 3203 decerneret.

394 3239 473 3298 X.
557 3239 660 3297 Sic
697 3240 993 3297 Eumenes
1040 3237 1319 3296 callidum
1366 3237 1768 3313 imperatorem
1818 3235 1956 3294 vicit
2004 3254 2141 3294 con-

315 3335 464 3408 silio,
493 3334 963 3409 celeritatemque
993 3332 1288 3409 impedivit
1333 3332 1492 3408 ejus3
1536 3350 1723 3407 neque
1766 3342 1961 3389 tamen
1999 3331 2143 3390 mul·
2180 3332 2260 3391 3⁰

313 3428 439 3490 tum
466 3429 725 3506 profecit.
809 3428 966 3486 Nam
1004 3428 1222 3485 invidia
1267 3428 1505 3499 ducum,
1557 3445 1692 3484 cum
1739 3427 1948 3503 quibus
1997 3440 2141 3502 erat,

313 3525 668 3603 perfidiaque
702 3523 1005 3602 [militum]
1054 3523 1448 3581 Macedonum
1497 3534 1916 3597 veteranorum,
1964 3544 2140 3601 quum

312 3619 575 3699 superior
600 3621 803 3698 proelio
829 3619 1211 3691 discessisset,
1243 3619 1542 3695 Antigono
1570 3631 1657 3678 est
1685 3620 1934 3694 deditus,
1964 3638 2140 3696 quum

721 3716 762 3774 8
