2619 4349
410 420 491 477 80
1253 429 1613 479 EUMENES.

528 589 739 659 studio,
788 585 942 662 quod
993 587 1051 644 in
1096 588 1328 645 homine
1373 588 1545 644 fidem
1590 598 1648 644 et
1691 587 2031 643 industriam
2080 604 2350 662 magnam

529 683 792 752 videbat3
839 702 952 740 non
983 683 1275 755 dubitanS,
1306 683 1353 738 si
1393 702 1524 739 eum
1568 681 1918 757 pellexisset,
1960 701 2171 757 magno
2218 681 2348 739 usui

531 777 651 837 fore
681 777 790 834 sibi
818 779 877 834 in
902 778 992 835 his
1019 779 1211 850 rebuS,
1241 797 1384 852 quas
1413 778 1741 853 apparabat.
1826 776 2136 852 Cogitabat
2172 776 2348 847 enim,

530 873 681 946 quod
713 870 830 929 fere
859 892 1060 929 omnes
1089 873 1148 929 in
1177 873 1404 948 magnis
1449 872 1702 948 imperiis
1750 872 2192 947 concupiscunt,
2236 891 2355 928 om-

448 968 491 1024 5
530 967 692 1023 nium
746 978 938 1042 partes
992 966 1277 1042 corripere
1329 978 1497 1041 atque
1553 966 1877 1042 complecti.
1962 966 2169 1042 Neque
2219 963 2353 1023 vero

531 1063 642 1120 hoc
672 1062 766 1120 ille
795 1062 949 1120 solus
980 1062 1114 1119 fecit
1140 1083 1154 1131 ;
1199 1063 1300 1119 sed
1332 1061 1527 1120 caeteri
1548 1080 1772 1137 quoque
1801 1081 2023 1132 omnes,
2053 1062 2148 1135 qui
2180 1061 2357 1118 Alex-

532 1157 694 1214 andri
736 1158 964 1214 fuerant
1010 1156 1198 1213 amici.
1283 1157 1512 1214 Primus
1560 1157 1898 1214 Leonnatus
1946 1155 2354 1213 Macedoniam

531 1271 935 1327 praeoccupare
985 1251 1388 1309 destinaverat.
1473 1251 1534 1308 Is
1577 1250 1772 1308 multis
1816 1250 2154 1325 magnisque
2198 1248 2359 1325 polli-

533 1346 903 1404 citationibus
930 1347 1276 1422 persuadere
1326 1345 1578 1403 Eumeni
1622 1345 1860 1417 studuit,
1910 1357 1974 1403 ut
2016 1345 2357 1402 Perdiccam

423 1442 494 1498 10
535 1441 843 1512 desereret,
875 1461 943 1498 ac
969 1460 1166 1497 secum
1197 1442 1414 1498 faceret
1461 1440 1815 1498 societatem.
1898 1441 2105 1501 Quum
2147 1440 2358 1514 perdu-

534 1556 666 1593 cere
696 1555 828 1593 eum
858 1556 972 1593 non
1002 1547 1214 1611 posset,
1246 1535 1571 1592 interficere
1596 1547 1838 1593 conatus
1867 1547 1954 1593 est
1978 1555 1992 1604 ;
2022 1545 2080 1593 et
2104 1534 2357 1608 fecisset,

533 1630 645 1686 nisi
675 1631 770 1686 ille
799 1632 949 1686 clam
979 1641 1153 1688 noctu
1189 1650 1261 1687 ex
1288 1630 1571 1706 praesidiis
1599 1631 1725 1706 ejus
1753 1629 2065 1705 effugisset.

614 1724 728 1781 III.
810 1724 1050 1782 Interim
1081 1725 1332 1782 conflata
1359 1736 1492 1783 sunt
1523 1724 1621 1781 illa
1663 1724 1834 1795 bella,
1884 1742 2011 1797 quae
2064 1724 2133 1780 ad
2186 1721 2362 1781 inter-

535 1819 838 1877 necionem
868 1831 992 1895 post
1024 1819 1345 1877 Alexandri
1373 1831 1614 1877 mortem
1643 1830 1806 1895 gesta
1830 1829 1995 1875 sunt:
2040 1836 2358 1892 omnesque

423 1916 495 1970 15
538 1926 954 1971 concurrerunt
985 1915 1054 1969 ad
1086 1913 1426 1970 Perdiccam
1463 1913 1920 1989 opprimendum.
2003 1911 2203 1973 Quem
2247 1911 2358 1968 etsi

536 2008 824 2066 infirmum
867 2008 1114 2080 videbat,
1165 2005 1319 2083 quod
1368 2028 1520 2065 unus
1561 2007 1830 2065 omnibus
1878 2006 2143 2065 resistere
2193 2025 2365 2082 coge-

434 2158 441 2161 .
535 2102 721 2173 batur,
745 2112 940 2160 tamen
972 2103 1222 2159 amicum
1252 2122 1368 2160 non
1399 2102 1685 2171 deseruit;
1729 2121 1915 2177 neque
1940 2102 2160 2174 salutiS‚
2184 2099 2360 2178 quam

435 2214 438 2217 ’
534 2197 690 2269 fidei,
716 2198 822 2255 fuit
850 2198 1128 2273 cupidior.
1212 2198 1560 2256 Praefecerat
1586 2217 1720 2254 eum
1753 2198 2061 2254 Perdiccas
2109 2197 2165 2253 ei
2211 2196 2364 2271 parti

536 2290 715 2363 Asiae,
760 2310 884 2366 quae
915 2291 1064 2349 inter
1113 2292 1376 2348 Taurum
1423 2303 1675 2350 montem
1717 2292 1874 2368 jacet
1923 2303 2091 2366 atque
2135 2291 2365 2348 Helles-
2419 2307 2431 2317 ·

417 2388 496 2444 20
535 2397 806 2462 pontum3
849 2399 906 2444 et
936 2387 1095 2443 illum
1114 2406 1295 2443 unum
1316 2397 1661 2463 opposuerat
1682 2386 1981 2461 Europaeis
2001 2385 2360 2443 adversariis.

536 2480 670 2556 Ipse
701 2481 1016 2556 AEgyptum
1059 2493 1451 2556 oppugnatum
1494 2477 1767 2539 adversus
1816 2481 2188 2539 Ptolemaeum
2237 2493 2367 2539 erat

532 2575 840 2650 profectus.
925 2574 1220 2632 Eumenes
1247 2594 1425 2650 quum
1453 2595 1643 2651 neque
1664 2594 1906 2651 magnas
1929 2575 2151 2650 copiaS‚
2173 2595 2364 2650 neque

535 2669 728 2725 firmas
771 2669 1026 2741 haberet,
1071 2667 1225 2744 qubd
1271 2670 1683 2742 inexercitatae,
1729 2682 1787 2728 et
1829 2689 1946 2727 non
1996 2669 2176 2727 multo
2223 2667 2363 2728 ante

535 2774 701 2819 erant
738 2774 1088 2832 contractae3
1136 2763 1445 2822 adventare
1496 2776 1685 2822 autem
1734 2765 2086 2837 dicerentur,
2135 2764 2366 2823 Helles-

415 2855 496 2914 25
536 2867 888 2931 pontumque
916 2855 1191 2914 transisse
1224 2857 1533 2933 Antipater
1559 2871 1618 2917 et
1647 2859 1943 2931 Craterus,
1990 2879 2202 2935 magno
2224 2879 2363 2917 cum

534 2950 792 3009 exercitu
822 2951 1234 3024 Macedonum,
1265 2951 1371 3010 viri
1397 2972 1575 3028 quum
1603 2953 1887 3025 claritate,
1938 2966 2057 3012 tum
2087 2974 2194 3012 usu
2225 2955 2366 3012 belli

533 3057 902 3122 praestantes:
949 3045 1335 3123 (Macedones
1353 3045 1488 3105 vero
1503 3047 1724 3114 ¹milites
1745 3048 1815 3105 efi
1837 3060 1977 3106 tunc
1996 3060 2161 3106 erant
2185 3050 2366 3124 fama,

535 3140 648 3215 qua
676 3160 836 3197 nunc
865 3139 1119 3197 Romani
1151 3142 1411 3199 feruntur
1436 3162 1451 3211 3
1493 3142 1710 3199 etenim
1740 3162 1965 3219 semper
1994 3144 2177 3201 habiti
2226 3157 2370 3204 sunt

535 3234 848 3307 fortissimi,
892 3235 990 3309 qui
1034 3254 1318 3293 summam
1365 3236 1590 3311 imperii
1631 3237 1952 3313 potirentur
1975 3238 2020 3315 ;)
2065 3238 2372 3299 Eumenes

417 3330 496 3387 30
537 3328 913 3405 intelligebat,
944 3330 992 3386 si
1041 3330 1221 3405 copiae
1265 3348 1383 3387 suae
1433 3343 1853 3406 cognoscerent
1898 3330 2171 3391 adversus
2218 3353 2372 3409 quos

537 3424 905 3496 ducerentur,
936 3444 1051 3482 non
1081 3423 1252 3490 mod&
1283 3444 1398 3483 non
1431 3425 1629 3498 ituras,
1660 3427 1762 3483 sed
1791 3427 1960 3484 simul
1990 3447 2121 3484 cum
2158 3429 2375 3488 nuntio

534 3518 870 3594 dilapsuras.
955 3518 1159 3593 Itaque
1204 3520 1317 3577 hoc
1366 3520 1493 3595 ejus
1526 3520 1634 3577 fuit
1672 3521 2185 3596 prudentissimum
2230 3543 2377 3581 con-

533 3610 746 3685 silium,
802 3625 867 3670 ut
908 3613 1091 3671 deviis
1138 3612 1442 3671 itineribus
1485 3614 1696 3673 milites
1744 3617 2003 3690 duceret,
2053 3617 2114 3674 in
2156 3618 2378 3693 quibus
