2619 4349
325 394 368 466 8
1082 418 1501 471 mmunss,

441 576 644 651 procul
674 576 734 633 in
758 579 1084 638 continenti
1111 580 1301 655 lucus,
1331 583 1431 657 qui
1462 603 1534 641 ex
1580 583 1766 643 insula
1790 589 2281 665 conspiciebatur,

441 671 642 730 nescio
668 692 782 748 quo
808 692 950 731 casu
973 674 1259 735 nocturno
1287 689 1544 755 tempore
1594 680 1871 740 incensus
1906 696 2011 743 est.
2094 687 2282 763 Cujus

442 765 676 825 flamma
729 779 794 827 ut
847 771 921 826 ab
973 771 1282 848 oppidanis
1334 785 1395 832 et
1446 779 1943 852 oppugnatoribus
1996 792 2087 840 est
2133 784 2278 860 visa,

438 861 697 938 utrisque
724 865 965 924 venitin
993 868 1350 944 opinionem,
1382 870 1614 947 signum
1645 891 1678 930 a
1703 874 2017 934 classiariis
2067 878 2278 956 Regiis

357 946 400 1014 8
439 956 655 1017 datum.
739 960 882 1023 Quo
911 963 1129 1021 factum
1157 978 1266 1038 est,
1295 976 1361 1023 ut
1407 978 1468 1025 et
1495 966 1654 1026 Parii
1684 987 1718 1025 a
1745 970 2043 1030 deditione
2092 975 2280 1034 deter-

437 1065 723 1128 rerentur,
752 1067 813 1115 et
840 1056 1159 1132 Miltiades,
1199 1059 1414 1119 timens
1456 1081 1533 1120 ne
1575 1064 1779 1123 classis
1821 1065 2019 1143 Regia
2067 1070 2279 1129 adven·

435 1157 603 1222 taret,
635 1149 893 1210 incensis
918 1154 1192 1229 operibus
1219 1174 1347 1231 quae
1395 1168 1696 1232 statuerat,
1720 1179 1856 1217 cum
1886 1163 2126 1221 totidem
2175 1184 2276 1225 na·

433 1244 600 1302 vibus
628 1257 799 1322 atque
824 1259 953 1307 erat
979 1251 1292 1325 profectus,
1324 1253 1593 1311 Athenas
1646 1256 1863 1332 magna
1911 1277 2045 1316 cum
2095 1262 2276 1320 offen·

378 1386 387 1389 v
433 1339 598 1397 sione
626 1341 841 1399 civium
872 1363 1106 1402 suorum
1148 1347 1380 1405 rediret.
1467 1350 1803 1409 Accusatus
1845 1371 1985 1430 ergo
2031 1357 2270 1432 proditi-

320 1428 392 1491 to
430 1434 580 1508 oniS,
631 1434 808 1511 quod,
858 1458 1037 1514 quum
1086 1440 1300 1499 Parum
1349 1462 1684 1520 expugnare
1738 1460 1952 1522 posset,
2012 1468 2046 1507 a
2096 1451 2269 1529 Rege

431 1542 736 1608 corruptus
763 1533 996 1592 infectis
1034 1537 1208 1594 rebus
1236 1536 1618 1598 discessisset.
1704 1541 1793 1599 Eo
1820 1553 2079 1620 tempore
2112 1565 2269 1624 aeger

426 1638 556 1684 erat
580 1628 939 1703 vulneribus,
963 1649 1090 1705 quie
1131 1631 1190 1689 in
1234 1636 1631 1710 oppugnando
1676 1637 1890 1713 oppido
1939 1654 2265 1718 acceperat.

430 1720 636 1797 Itaque
677 1725 951 1800 quoniam
996 1726 1119 1802 ipse
1164 1747 1268 1804 pro
1318 1748 1381 1786 se
1424 1730 1621 1788 dicere
1669 1751 1786 1791 non
1834 1748 2048 1811 posset,
2093 1739 2270 1797 verba

427 1832 531 1891 pro
584 1836 657 1875 eo
719 1819 859 1878 fecit
909 1822 1082 1880 frater
1135 1823 1262 1899 ejus
1312 1824 1648 1902 Tisagoras.
1700 1838 1728 1851 ’
1754 1829 1952 1889 Causa
2006 1835 2265 1910 cognita,

317 1908 388 1967 15
428 1911 635 1987 eapitis
663 1913 980 1989 absolutae,
1008 1918 1264 1992 pecunia
1291 1920 1569 1979 multatus
1597 1934 1705 1996 est,
1755 1943 1938 2000 eaque
1982 1926 2054 1984 lis
2099 1928 2267 2003 quin·

417 2007 705 2084 quaginta
757 2010 991 2069 talentis
1044 2013 1330 2072 oestimata
1384 2027 1492 2089 est,
1557 2030 1809 2093 quantus
1880 2020 1940 2078 in
1981 2024 2261 2085 ,classem

425 2115 690 2180 sumptus
716 2106 907 2165 sactus
929 2118 1071 2165 erat.
1157 2109 1335 2168 Hanc
1374 2114 1687 2189 pecuniam
1735 2113 1890 2191 quod
1936 2119 2157 2178 solvere
2201 2121 2260 2179 in

423 2200 733 2275 praesentia
761 2221 878 2259 non
906 2214 1150 2279 poterat,
1181 2205 1241 2263 in
1271 2206 1508 2266 vincula
1552 2210 1790 2286 publica
1817 2212 2121 2287 conjectus
2149 2229 2260 2291 est,

424 2295 619 2371 ibique
648 2295 803 2354 diem
830 2298 977 2357 obiit
1004 2319 1357 2376 supremum.

301 2384 383 2448 20
505 2387 682 2450 VIII.
767 2393 888 2452 Hic
915 2395 1026 2453 etsi
1055 2397 1300 2455 crimine
1330 2397 1504 2457 Pario
1540 2412 1630 2458 est
1680 2414 2010 2478 accusatus,
2059 2417 2257 2467 tamen

423 2487 537 2544 alie
590 2488 698 2547 suit
746 2508 931 2548 causa
992 2492 1402 2552 damnationis
1509 2494 1783 2571 Namque
1859 2499 2259 2566 Athenienses

418 2595 650 2659 propter
691 2584 978 2645 Pisistrati
1037 2588 1434 2664 tyrannidem,
1475 2609 1603 2665 quae
1651 2594 1858 2669 paucis
1896 2598 2066 2655 annis
2099 2600 2254 2660 *ante

418 2679 626 2752 fuerat,
651 2680 912 2739 omnium
940 2701 1176 2741 suorum
1194 2684 1411 2742 civium
1432 2683 1751 2762 potentiani
1773 2691 2252 2756 extimescebam.

419 2772 737 2850 Miltiades,
764 2775 1009 2836 multum
1036 2778 1095 2836 in
1120 2779 1378 2856 imperiis
1397 2782 1949 2863 magistratibusque
1971 2804 2254 2868 versatus,

297 2857 379 2927 23
417 2861 536 2929 non
562 2865 865 2931 videbatur
892 2865 1063 2949 posse
1089 2889 1217 2933 esse
1243 2876 1521 2952 privatus,
1562 2882 1881 2956 praesertim
1910 2903 2088 2961 quum
2117 2907 2255 2946 con-

414 2966 724 3026 suetudine
754 2969 827 3025 ad
857 2968 1084 3045 imperii
1110 2963 1493 3047 cupiditatem
1517 2976 1672 3034 trahi
1697 2977 2008 3039 videretur.
2093 2979 2252 3042 Nam

414 3062 771 3122 Chersonesi
793 3081 999 3123 omnes
1026 3065 1173 3139 illos,
1202 3085 1354 3143 quos
1370 3070 1681 3149 habitarat,
1707 3091 1894 3136 annos
1910 3090 2250 3155 perpetuam

410 3158 743 3219 obtinuerat
763 3161 1239 3237 dominationem,
1270 3172 1664 3245 tyrann-usque
1693 3171 1878 3230 fuerat
1908 3161 2247 3251 appellatus,

410 3255 513 3313 sed
536 3254 746 3332 iustus.
831 3253 966 3314 Non
995 3268 1119 3317 erat
1145 3259 1303 3318 enim
1346 3262 1405 3319 vi
1440 3278 1818 3340 consecutus,
1864 3270 1967 3326 sed
2011 3287 2246 3331 suorum

289 3337 372 3408 δῦ
410 3337 724 3424 voluntate,
735 3367 980 3427 eamque
995 3363 1341 3429 potestatem
1359 3358 1617 3418 bonitate
1634 3362 1970 3423 retinuerat.
2011 3364 2244 3427 Omnes

410 3433 602 3503 autern
645 3457 704 3504 et
751 3447 1039 3506 habentur
1075 3461 1135 3509 et
1182 3452 1459 3513 dicuntur
1500 3459 1762 3532 tyrann-i,
1813 3460 1912 3535 qui
1957 3473 2243 3539 potestate

408 3551 546 3598 sunt
567 3544 852 3619 perpetua
881 3543 941 3603 in
963 3546 1034 3603 ea
1062 3547 1317 3623 civitate,
1345 3537 1474 3627 quae
1501 3552 1769 3613 libertate
1796 3574 1905 3615 usa
1927 3567 2035 3617 est.
2121 3559 2239 3618 Sed
2259 3583 2283 3599 ²

410 3634 469 3693 in
520 3633 788 3697 Miltiade
840 3649 966 3701 erat
1014 3659 1196 3721 quum
1244 3663 1474 3706 summa
1527 3637 1878 3727 humanitas,
1928 3665 2051 3713 tum
2094 3656 2243 3715 mira
