2619 4349
904 417 1479 471 THEMISTOOLEs.
2231 417 2288 475 9

332 576 593 650 comitas,
622 587 688 636 ut
714 595 888 636 nemo
925 588 1046 636 tam
1093 576 1330 639 humilis
1370 587 1545 650 esset,
1589 576 1690 639 cui
1734 596 1855 637 non
1900 578 1975 637 ad
2023 597 2160 639 eum

333 671 523 730 aditus
541 683 802 747 pateret3
844 692 1059 749 magna
1085 673 1399 735 auctoritas
1437 673 1594 749 apud
1634 692 1838 735 omnes
1873 673 2156 747 civitates,

330 767 523 825 nobile
551 786 786 839 nomen,
814 769 942 827 laus
970 767 1055 837 rei
1081 767 1348 827 militaris
1373 767 1646 827 maxima.
1729 768 1881 828 Haec
1912 770 2160 845 populus

331 862 647 939 respiciens
674 863 880 923 maluit
898 882 1035 923 eum
1064 862 1368 921 innoxium
1395 862 1596 939 plecti,
1620 860 1796 939 quam
1838 882 1902 924 se
1938 862 2159 925 diutius

330 977 458 1041 esse
487 958 549 1017 in
576 959 801 1019 timore.
1769 990 1778 1001 ·
2197 961 2242 1023 6

684 1342 788 1401 11.
873 1340 1793 1401 THEMISTOCLES.

331 1612 335 1617 .
409 1538 460 1595 1.
557 1537 975 1610 Themistocla,
1025 1537 1229 1597 Neocli
1257 1537 1455 1615 filine,
1482 1536 1872 1599 Atheniensis.
1957 1537 2155 1616 Hujus

332 1632 471 1692 vitia
497 1631 752 1691 ineuntis
775 1633 1179 1692 adolescentia
1202 1633 1431 1709 magnis
1452 1644 1588 1693 sunt
1604 1635 1915 1693 emendata
1935 1633 2157 1695 virtuti-

332 1726 458 1798 bus,
489 1724 635 1787 adeo
655 1737 718 1785 ut
740 1729 1088 1786 anteferatur
1107 1728 1244 1786 huic
1265 1748 1460 1801 nemo,
1482 1727 1655 1804 pauci
1672 1748 1841 1805 pares
1859 1739 2153 1805 putentur.

332 1821 450 1878 Sed
481 1822 553 1879 ab
583 1821 747 1879 initio
772 1833 861 1880 est
885 1822 1502 1882 ordiendum—Pater
1529 1822 1656 1899 ejus
1702 1822 1960 1881 Neocles
1979 1842 2157 1899 gene-

329 1934 494 1975 rosus
521 1916 644 1975 fuit.
728 1915 790 1974 Is
831 1935 1067 1975 uxorem
1115 1917 1554 1991 Acharnanam,
1599 1917 1808 1990 civem,
1858 1917 2043 1990 duxit,
2080 1937 2156 1977 ex
2198 1919 2276 1978 10

329 2011 445 2086 qua
490 2022 664 2070 natus
688 2022 791 2077 ,est
838 2011 1285 2070 Themistocles.
1365 2011 1494 2074 Qui
1536 2029 1714 2085 quum
1761 2009 1957 2070 minus
1999 2024 2157 2074 esset

328 2106 601 2183 probatus
653 2105 1008 2184 parentibus,
1058 2102 1213 2182 quod
1265 2118 1328 2166 et
1371 2104 1612 2165 liberius
1665 2104 1893 2173 vivebat
1917 2118 1978 2167 et
2030 2126 2153 2167 rem

329 2202 671 2261 familiarem
710 2201 1063 2279 negligebat,
1093 2221 1127 2259 a
1168 2213 1332 2278 patre
1373 2203 1773 2261 exhaeredatus
1809 2213 1914 2263 est.
1995 2189 2152 2267 Qum

330 2298 682 2366 contumelia
705 2317 823 2356 non
853 2298 1025 2373 fregit
1048 2316 1184 2355 eum
1213 2298 1318 2355 sed
1338 2297 1540 2356 erexit.
1621 2296 1683 2355 N
1685 2316 1781 2355 am
1807 2316 1984 2372 quum
2000 2298 2155 2373 judi-

329 2393 540 2466 casset,
570 2392 696 2449 sine
725 2393 950 2449 summa
991 2391 1274 2454 industria
1317 2412 1435 2450 non
1473 2411 1644 2468 posse
1687 2411 1818 2450 eam
1865 2392 2148 2469 extingui,
2195 2394 2289 2464 15,

328 2499 511 2553 totum
540 2505 601 2545 se
630 2486 853 2545 dedidit
879 2486 1234 2562 reipublicae,
1262 2484 1601 2563 diligentius
1631 2486 1835 2545 amicis
1870 2488 2151 2562 samaeque

329 2582 603 2644 serviens.
686 2578 945 2640 Multum
971 2580 1031 2637 in
1055 2580 1294 2655 judiciis
1314 2581 1552 2656 privatis
1575 2582 1952 2651 versabatur3
1996 2579 2151 2657 saepd

330 2676 389 2734 in
419 2675 762 2736 concionem
789 2673 985 2751 populi
1025 2674 1326 2750 prodibat3
1367 2675 1529 2736 nulla
1569 2694 1662 2734 res
1697 2674 1881 2750 major
1922 2674 2050 2734 sine
2080 2695 2153 2736 eo

329 2771 655 2846 gerebatur,
712 2768 1091 2844 celeriterque
1158 2786 1287 2844 quae
1348 2788 1495 2845 opus
1563 2781 1729 2842 erant
1789 2770 2149 2845 reperiebat;

329 2884 515 2940 neque
546 2863 738 2924 minus
767 2864 826 2921 in
855 2864 1029 2921 rebus
1056 2863 1329 2939 gerendis
1369 2875 1686 2940 promptu-si,
1722 2861 1895 2938 quam
1921 2865 2153 2940 excogi·
2189 2865 2272 2924 20

329 2960 539 3031 tandis,
569 2969 712 3031 erat,
735 2957 890 3033 quod
919 2969 978 3016 et
1004 2959 1077 3015 de
1106 2958 1456 3017 instantibus
1487 2956 1579 3035 (ut
1618 2958 1697 3016 ait
1740 2958 2150 3035 Thucydides)

328 3052 623 3112 verissime
641 3053 961 3128 judicabat,
980 3064 1038 3110 et
1057 3053 1133 3110 de
1152 3052 1359 3111 futuris
1387 3050 1759 3112 callidissime
1783 3054 2150 3131 conjiciebat.

327 3150 467 3212 Quo
496 3150 712 3206 facturn
739 3158 847 3230 est,
876 3158 941 3205 ut
967 3147 1126 3205 brevi
1155 3157 1411 3224 tempore
1439 3147 1834 3208 illustraretur.

406 3243 488 3302 ΙΙ.
571 3242 800 3302 Primus
828 3254 1023 3301 autem
1049 3242 1264 3319 gradus
1295 3239 1404 3300 suit
1424 3244 1793 3317 capessendae
1817 3243 2150 3320 reipublicae

328 3341 478 3399 bello
508 3340 831 3414 Corcyraeo.
918 3339 1014 3395 Ad
1056 3339 1209 3415 quod
1256 3338 1582 3414 gerendum
1616 3350 1824 3414 praetor
1862 3358 1899 3399 a
1937 3343 2148 3417 populo
2187 3343 2270 3404 25

328 3437 533 3508 faetus,
563 3454 680 3493 non
709 3433 896 3494 solum
924 3433 1194 3509 praesenti
1223 3434 1375 3491 bello
1403 3433 1505 3489 sed
1545 3433 1720 3491 etiam
1763 3435 1982 3510 reliquo
2009 3448 2152 3496 tem-

325 3551 462 3607 pore
487 3530 822 3589 ferociorem
842 3529 1094 3596 reddidit
1122 3529 1435 3588 civitatem.
1518 3528 1673 3586 Nam
1702 3550 1877 3606 quum
1896 3533 2148 3607 pecunia

327 3626 578 3703 publica,
600 3644 727 3703 quae
749 3645 823 3684 ex
843 3624 1091 3687 metallis
1112 3625 1361 3698 redibat,
1382 3624 1687 3703 largitione
1709 3626 2146 3705 magistratuum
