2619 4349
806 385 870 434 T.
905 384 1317 434 POMPONIUS
1351 384 1678 434 ATTICUS.
2168 374 2282 433 113

332 545 487 621 quod
515 556 639 602 erat
667 544 1090 615 difficillimum,
1120 533 1430 615 efficiebat,
1478 553 1559 615 ut,
1605 542 1755 600 inter
1798 560 1941 615 quos
1983 551 2160 598 tantm

332 641 523 698 laudis
577 651 729 697 esset
784 638 1092 711 aemulati0‚
1145 637 1304 695 nulla
1359 637 1747 696 intercederet
1799 634 2162 704 obtrectati0,

332 747 600 811 essetque
628 734 830 792 talium
861 733 1109 792 virorum
1140 732 1367 808 copula.

412 829 519 887 VI.
604 828 675 886 In
704 827 1002 905 republica
1033 827 1112 885 ita
1134 838 1392 885 versatus
1420 838 1527 898 est,
1554 836 1616 882 ut
1659 843 1886 900 semper
1927 824 2168 901 optima-

334 944 462 984 rum
489 924 739 1001 partium
769 934 828 981 et
854 933 1007 981 esset
1034 934 1092 980 et
1135 922 1580 992 existimaretur,
1608 924 1813 997 'neque
1860 931 2056 978 tamen
2106 938 2168 979 se
2207 921 2247 978 5

333 1019 601 1078 civilibus
630 1018 902 1077 fluctibus
930 1004 1335 1090 committeret,
1364 1015 1519 1093 quod
1563 1036 1677 1076 non
1724 1015 1910 1092 magis
1957 1035 2058 1075 eos
2106 1015 2167 1074 in

334 1115 442 1193 sua
493 1125 776 1190 potestate
831 1113 1196 1171 existimabat
1249 1132 1398 1184 esse,
1453 1111 1551 1188 qui
1606 1131 1668 1168 se
1717 1111 1808 1169 his
1850 1111 2168 1185 dedissent,

333 1208 508 1284 quam
536 1209 635 1283 qui
678 1208 982 1266 maritimis
1023 1208 1399 1284 jactarentur.
1500 1207 1769 1265 Honores
1816 1227 1934 1267 non
1981 1206 2167 1284 petiit,

333 1324 511 1380 quum
542 1305 597 1361 ei
624 1316 910 1381 paterent,
953 1316 1182 1380 propter
1225 1304 1314 1361 vel
1360 1302 1604 1379 gratiam
1649 1303 1738 1359 vel
1783 1302 2166 1378 dignitatem:

333 1396 491 1473 quod
546 1418 733 1473 neque
788 1397 905 1474 peti
960 1417 1118 1455 more
1174 1398 1478 1472 majorum,
1523 1417 1711 1472 neque
1760 1398 1890 1474 capi
1934 1410 2169 1474 possent
2213 1397 2287 1454 10

335 1494 693 1554 conservatis
720 1493 967 1569 legibus,
999 1493 1058 1549 in
1087 1504 1205 1550 tam
1234 1493 1435 1551 effusis
1465 1493 1715 1550 ambitus
1742 1492 2167 1569 largitionibus,

334 1610 524 1665 neque
554 1588 676 1666 geri
705 1609 737 1645 e
766 1588 1064 1664 republica
1114 1589 1238 1645 sine
1267 1588 1548 1663 periculo,
1589 1588 1873 1664 corruptis
1916 1588 2168 1647 civitatis

335 1686 609 1744 moribus.
721 1685 816 1741 Ad
877 1685 1102 1741 hastam
1165 1684 1459 1759 publicam
1536 1703 1831 1759 nunquam
1903 1684 2167 1743 accessit.

336 1781 573 1839 Nullius
628 1779 710 1837 rei
777 1798 964 1854 neque
1018 1798 1187 1855 praeS,
1236 1798 1425 1853 neque
1482 1798 1757 1854 manceps
1827 1780 2015 1838 factus
2061 1792 2166 1839 est.

335 1877 651 1935 Neminem
681 1895 867 1951 neque
897 1896 1001 1933 suo
1028 1874 1284 1945 nomine,
1318 1894 1506 1950 neque
1556 1875 1947 1948 subscribenS,
1999 1895 2170 1934 accu-
2213 1879 2287 1935 15

334 1974 499 2031 savit.
584 1971 654 2029 In
680 1971 776 2047 jus
817 1972 888 2028 de
913 1971 1019 2028 sua
1048 1990 1109 2027 re
1139 1989 1437 2044 nunquam
1480 1969 1579 2027 iit:
1618 1969 1905 2044 judicium
1945 1971 2168 2028 nullum

335 2068 557 2127 habuit.
644 2067 960 2125 Multorum
990 2067 1293 2133 consulum
1342 2077 1762 2141 praetorumque
1799 2067 2170 2142 praefecturas

335 2166 559 2223 delatas
588 2163 672 2222 sic
702 2162 946 2239 accepit,
977 2173 1039 2220 ut
1069 2161 1363 2219 neminem
1394 2161 1453 2220 in
1480 2161 1836 2239 provinciam
1885 2162 1959 2221 sit
2008 2182 2171 2221 secu-

335 2274 451 2333 ωε,
496 2262 712 2316 honore
763 2258 934 2316 fuerit
978 2269 1307 2330 contentuS,
1364 2258 1450 2315 rei
1499 2258 1796 2316 familiaris
1844 2260 2171 2336 despexerit

324 2358 624 2432 fructum:
668 2353 767 2429 qui
797 2374 872 2411 ne
901 2374 1035 2411 cum
1063 2354 1144 2416 Q.
1191 2354 1426 2429 quidem
1471 2354 1758 2412 Cicerone
1801 2356 2043 2416 voluerit
2087 2357 2169 2415 ire
2207 2357 2287 2415 20

338 2452 398 2509 in
431 2452 656 2523 Asiam,
686 2470 862 2526 quum
888 2451 1039 2526 apud
1069 2469 1201 2506 eum
1231 2450 1409 2525 legati
1436 2450 1628 2507 locum
1666 2450 1928 2509 obtinere
1955 2465 2165 2528 posset.

339 2547 475 2606 Non
532 2546 689 2603 enim
747 2546 955 2603 decere
1012 2565 1073 2602 se
1151 2544 1556 2618 arbitrabatur,
1614 2565 1792 2620 quum
1859 2558 2168 2622 praeturam

335 2661 539 2719 gerere
588 2641 887 2713 noluisset,
933 2640 1213 2697 asseclam
1261 2659 1391 2697 esse
1437 2640 1712 2716 praetoris„
1794 2640 1937 2704 Qua
1992 2642 2053 2700 in
2106 2661 2169 2702 re

336 2756 455 2795 non
485 2732 670 2794 solum
699 2735 965 2811 dignitati
1010 2734 1313 2807 serviebat,
1360 2735 1461 2792 sed
1517 2735 1693 2793 etiam
1743 2738 2166 2813 tranquillitati,

283 2853 286 2856 ·
335 2851 513 2908 quum
544 2830 902 2906 suspiciones
948 2850 1173 2905 quoque
1218 2830 1425 2888 vitaret
1473 2831 1801 2890 criminum.
1881 2833 2025 2897 Quo
2074 2836 2170 2893 fie-
2208 2836 2288 2894 25

337 2929 456 2999 bat,
486 2939 549 2985 ut
570 2926 696 3002 ejus
722 2924 1087 2984 observantia
1113 2925 1385 2983 omnibus
1413 2939 1567 2985 esset
1594 2927 1801 3001 carior,
1831 2949 2006 3004 quum
2041 2949 2170 2989 eam

335 3023 549 3094 officio,
579 3041 695 3080 non
724 3021 916 3078 timori
945 3040 1131 3094 neque
1161 3020 1304 3097 spei,
1328 3020 1504 3079 tribui
1535 3020 1811 3080 viderent.

416 3116 557 3174 VII.
642 3115 860 3173 Incidit
883 3115 1280 3172 Caesarianum
1311 3115 1480 3172 civile
1509 3117 1744 3191 bellum,
1773 3138 1951 3194 quum
1999 3120 2174 3179 habe-

337 3224 426 3273 ret
456 3231 640 3269 annos
666 3210 898 3268 circiter
923 3210 1241 3285 sexaginta.
1327 3210 1483 3268 Usus
1510 3224 1599 3269 est
1626 3213 1809 3271 aetatis
1848 3215 2169 3290 vacatione,

335 3327 525 3382 neque
560 3304 677 3384 [se]
710 3303 997 3380 quoquam
1027 3306 1203 3363 movit
1230 3326 1303 3363 ex
1353 3307 1513 3364 urbe.
1595 3308 1750 3370 Quae
1800 3310 2002 3369 amicis
2051 3312 2171 3371 suis
2210 3312 2290 3371 30

333 3422 483 3480 opus
513 3403 742 3460 fuerant
787 3401 856 3456 ad
906 3399 1242 3476 Pompeium
1293 3402 1815 3477 proficiscentibus,
1859 3406 2057 3466 omnia
2097 3428 2171 3466 ex

336 3497 445 3558 sua
470 3517 534 3555 re
566 3494 834 3555 familiari
888 3495 1063 3552 dedit.
1149 3494 1349 3570 Ipsum
1400 3497 1740 3574 Pompeium
1789 3502 2169 3577 conjunctum

338 3614 456 3654 non
484 3591 728 3650 offendit
737 3635 767 3725 i
774 3590 1027 3726 0¹¹2¹¹¹¹m
1056 3589 1210 3647 enim
1244 3591 1317 3647 ab
1346 3611 1416 3650 eo
1466 3593 1717 3652 habebat
1763 3611 2168 3682 ornamentum
