2619 4349
1003 428 1361 478 EUMENES.
2119 420 2198 478 79

265 585 323 644 in
350 605 422 643 ea
443 597 719 661 tempora,
743 586 950 661 quibus
995 586 1351 646 Macedones
1399 587 1687 661 florerent,
1735 586 1981 647 multum
2024 588 2081 647 ei

264 682 508 739 detraxit
537 681 686 739 inter
734 678 839 739 hos
886 682 1120 755 viventi,
1163 680 1319 757 quod
1370 683 1572 740 alienae
1619 694 1744 741 erat
1790 681 2078 755 civitatis;

264 795 448 850 neque
498 775 653 833 aliud
703 776 841 833 huic
882 776 1085 849 defuit,
1133 774 1306 852 quam
1355 795 1637 853 generosa
1678 775 1865 853 stirps,
1953 777 2081 836 Etsi

265 870 358 927 ille
400 870 719 929 domestico
756 890 980 928 summo
1016 890 1231 946 genere
1286 883 1428 944 erat,
1476 883 1674 930 tamen
1723 870 2081 931 Macedones

264 985 395 1023 eum
440 965 548 1022 sibi
598 965 906 1040 aliquando
955 966 1225 1042 anteponi
1272 965 1511 1042 indigne
1557 965 1850 1037 ferebant3
1893 986 2081 1042 neque
2119 968 2161 1026 5

265 1073 455 1119 tamen
499 1080 616 1118 non
663 1059 1045 1136 patiebantur.
1128 1060 1423 1118 Vincebat
1468 1060 1626 1118 enim
1671 1080 1872 1119 omnes
1919 1061 2081 1135 cura,

265 1156 581 1232 vigilantia,
637 1155 934 1232 patientia,
991 1155 1328 1227 calliditate,
1383 1166 1443 1214 et
1490 1155 1787 1215 celeritate
1842 1155 2082 1232 ingenii.

270 1251 383 1307 Hic
419 1251 988 1326 peradolescentulus
1034 1251 1105 1307 ad
1156 1249 1471 1308 amicitiam
1521 1250 1769 1308 accessit
1810 1250 2082 1327 Philippi,

268 1346 534 1420 Amyntae
583 1346 706 1418 filii,
761 1345 1032 1420 brevique
1086 1356 1342 1420 tempore
1398 1344 1458 1402 in
1514 1344 1777 1403 intimam
1823 1345 2086 1422 pervenit

268 1441 731 1499 familiaritatem.
816 1439 1105 1516 Fulgebat
1152 1440 1308 1497 enim
1359 1439 1479 1516 jam
1536 1439 1595 1497 in
1654 1440 2083 1499 adolescentulo
2128 1441 2203 1498 10

268 1535 491 1592 indoles
519 1535 761 1593 virtutis.
846 1535 1050 1610 Itaque
1078 1554 1212 1592 eum
1246 1535 1449 1593 habuit
1479 1536 1551 1592 ad
1598 1554 1835 1593 manum
1879 1535 2083 1593 scribae

266 1631 424 1698 loco;
467 1630 616 1704 quod
646 1626 827 1687 multo
859 1630 1010 1705 apud
1038 1629 1245 1686 Graios
1272 1619 1747 1687 honorificentius
1775 1641 1881 1701 est,
1911 1626 2084 1703 quam

267 1724 417 1798 apud
448 1724 764 1781 Romanos.
849 1722 1003 1780 Nam
1033 1723 1183 1800 apud
1214 1743 1339 1796 nos,
1362 1720 1563 1781 revera
1585 1724 1737 1782 sicut
1764 1739 1917 1795 sunt,
1940 1742 2086 1780 mer-

265 1817 485 1874 cenarii
540 1819 744 1875 scribae
798 1818 1233 1888 existimantur;
1294 1829 1354 1876 at
1413 1819 1563 1893 apud
1620 1818 1747 1875 illos
1794 1815 2084 1875 contrario

265 1931 436 1970 nemo
486 1913 555 1969 ad
606 1911 663 1968 id
705 1913 959 1970 officium
998 1913 1337 1984 admittitur,
1387 1912 1501 1969 nisi
1535 1914 1787 1970 honesto
1835 1913 1983 1983 1000,
2028 1922 2087 1969 et
2129 1913 2203 1969 15

264 2007 401 2079 fide,
449 2018 508 2065 et
555 2007 836 2065 industria
885 2007 1158 2084 cognita:
1201 2005 1356 2082 quod
1405 2025 1644 2064 necesse
1686 2018 1793 2078 est,
1826 2006 2085 2063 omnium

264 2102 637 2159 consiliorum
665 2122 799 2159 eum
827 2121 953 2160 esse
991 2101 1352 2178 participem.
1437 2101 1617 2158 Hunc
1666 2102 1857 2158 locum
1901 2099 2088 2158 tenuit

267 2197 535 2255 amicitiae
568 2199 717 2273 apud
746 2198 1075 2274 Philippum
1105 2217 1287 2255 annos
1315 2208 1552 2273 septem.
1637 2196 1746 2255 Illo
1785 2197 2088 2255 interfecto

265 2293 469 2350 eodem
519 2293 699 2368 gradu
750 2292 1056 2368 fuit‚apud
1107 2293 1507 2350 Alexandrum
1558 2312 1740 2350 annos
1787 2291 2084 2349 tredecim.

266 2387 596 2444 Novissimo
624 2399 877 2462 tempore
926 2388 1153 2462 praefuit
1199 2388 1376 2445 etiam
1423 2388 1613 2445 alterae
1658 2387 1915 2462 equitum
1962 2387 2086 2460 alae,
2125 2385 2206 2443 20

265 2501 393 2557 quae
423 2481 713 2539 Hetaerice
743 2482 1151 2557 appellabatur.
1235 2481 1476 2556 Utrique
1508 2493 1697 2538 autem
1748 2481 1808 2536 in
1847 2480 2088 2538 consilio

268 2596 492 2651 semper
522 2576 725 2647 adfuit,
753 2588 813 2633 et
838 2575 1095 2632 omnium
1145 2594 1335 2632 rerum
1387 2574 1618 2631 habitus
1653 2584 1740 2631 est
1782 2573 2085 2648 particeps,

349 2671 431 2728 II.
516 2671 850 2732 Alexandro
878 2670 1175 2745 Babylone
1207 2681 1449 2740 mortu0,
1479 2688 1655 2743 quum
1685 2687 1865 2744 regna
1893 2667 2089 2744 singu-

266 2766 340 2824 lis
371 2765 746 2824 familiaribus
767 2765 1227 2841 dispartirentur,
1267 2776 1326 2822 et
1374 2783 1599 2821 summa
1642 2783 1832 2821 rerum
1879 2762 2091 2821 tradita

267 2872 424 2921 esset
464 2861 681 2918 tuenda
727 2861 939 2932 eidem,
984 2859 1081 2917 cui
1129 2859 1466 2916 Alexander
1513 2858 1766 2915 moriens
1809 2858 2087 2915 annulum
2126 2856 2207 2914 25

267 2975 438 3015 suum
486 2957 743 3029 dederat,
793 2955 1121 3023 Perdiccae3
1166 2973 1238 3010 ex
1286 2972 1400 3028 quo
1446 2972 1649 3011 omnes
1697 2953 2088 3026 conjecerant,

269 3071 402 3110 eum
434 3070 679 3127 regnum
705 3051 762 3109 ei
791 3048 1252 3119 commendasse,
1281 3047 1468 3121 quoad
1510 3046 1676 3103 liberi
1704 3045 1830 3119 ejus
1849 3044 1907 3100 in
1927 3062 2090 3101 suam

268 3148 508 3206 tutelam
539 3147 965 3222 pervenissent3
1013 3143 1283 3221 (aberant
1309 3142 1466 3199 enim
1517 3141 1810 3211 CraterUS,
1839 3151 1898 3196 et
1927 3137 2095 3196 Anti·

270 3253 452 3318 pater,
502 3242 598 3317 qui
637 3242 981 3299 antecedere
1030 3241 1188 3297 hunc
1237 3238 1612 3306 videbantur3
1670 3247 1927 3293 mortuus
1969 3245 2092 3291 erat

272 3336 636 3412 Hephaestio,
659 3356 829 3411 quem
858 3353 1037 3393 unum
1069 3333 1425 3405 Alexander,
1455 3333 1607 3407 quod
1637 3329 1807 3388 facile
1848 3328 2092 3405 intelligi
2133 3329 2211 3388 30

273 3444 484 3509 posset,
512 3430 744 3507 plurimi
775 3433 991 3489 fecerat
1014 3431 1058 3508 ς)
1103 3430 1214 3487 hoc
1243 3440 1499 3504 tempore
1538 3427 1673 3484 data
1714 3423 1804 3484 est
1843 3424 2095 3483 Eumeni

272 3525 664 3603 Cappadocia,
692 3525 811 3584 sive
838 3522 1029 3601 potius
1058 3524 1214 3582 dicta
1238 3543 1252 3592 ;
1296 3542 1433 3580 nam
1460 3533 1582 3579 tum
1613 3520 1671 3578 in
1700 3521 1949 3579 hostium
1973 3530 2096 3578 erat

269 3631 572 3699 potestate.
682 3620 861 3678 Hunc
913 3618 1025 3677 sibi
1094 3618 1406 3676 Perdiccas
1477 3616 1816 3693 adjunxerat
1885 3632 2098 3689 magno
