2619 4349
1020 430 1435 482 PELOPIDAS.
2174 423 2257 484 ω

309 588 427 663 ida,
461 589 562 666 qui
615 589 797 648 filium
852 590 1106 650 habebat
1147 590 1445 665 infamem,
1489 588 1757 668 maleque
1793 608 1930 649 eum
1973 588 2036 650 in
2062 608 2136 652 οο

307 686 507 762 patriae
537 687 839 745 consulere
868 687 1126 746 diceret.
1182 687 1344 761 Vide,
1395 687 1602 765 inquit,
1630 707 1698 746 ne
1725 694 1789 745 tu
1804 684 1981 765 1)qu
2008 705 2137 746 con-

307 782 485 855 sulaS,
514 784 614 858 qui
642 782 810 839 talem
836 802 899 839 ex
927 790 980 839 te
1007 790 1204 839 notum
1230 783 1536 841 relicturus
1579 783 1679 841 sis.
1761 782 1962 860 Neque
2002 778 2137 844 werd

307 877 490 952 stirps
516 877 657 933 mila·
672 884 867 953 potest
893 877 1114 943 deesse,-
1155 896 1394 955 nmque
1422 897 1485 936 ez
1519 898 1603 937 me
1644 886 1842 936 natam
1878 879 2137 956 relinquo

298 991 561 1049 pugnam
588 973 979 1045 Leuctricam,
1009 992 1135 1049 quo
1160 993 1273 1032 non
1315 971 1479 1033 modo
1505 974 1647 1032 milti
1693 982 1997 1052 superstes,
2039 973 2143 1033 sed
2175 975 2217 1035 δ

307 1069 479 1124 etiam
504 1067 841 1125 immortalis
884 1068 964 1125 sit
1010 1087 1227 1126 necesse
1276 1076 1377 1126 cst.
1476 1068 1618 1130 Quo
1660 1080 1939 1145 tempore,
1984 1070 2137 1129 duee

307 1161 604 1238 Pelopida,
632 1163 832 1220 exules
860 1162 1101 1221 Thebas
1127 1163 1511 1240 occuparunt,
1529 1175 1590 1223 et
1603 1163 1936 1240 praesidium
1957 1163 2140 1223 Laee-

307 1257 722 1316 daemoniorum
750 1277 821 1317 ex
852 1277 985 1316 arce
1028 1259 1394 1334 expulerunt,
1441 1256 1899 1335 Epaminondas,
1939 1277 2138 1335 quam-

307 1353 408 1410 diu
437 1355 590 1411 faota
616 1365 704 1411 est
730 1354 939 1411 coedes‘
950 1353 1188 1427 civium,
1218 1355 1390 1413 domo
1419 1374 1480 1412 se
1504 1354 1725 1413 tenuit:
1768 1352 1923 1430 qudd
1946 1372 2136 1432 neque

307 1450 488 1506 malos
516 1449 829 1506 defendere
865 1449 1113 1522 volebat,
1158 1467 1348 1526 neque
1393 1448 1757 1526 impugnare,
1803 1468 1878 1507 ne
1927 1468 2135 1511 manus
2180 1450 2255 1512 10

307 1564 541 1602 suorum
586 1544 872 1620 sanguine
911 1555 1282 1615 cruentaret3
1346 1563 1596 1620 namque
1633 1563 1865 1603 omnem
1903 1531 2136 1603 oivilem

307 1641 606 1699 victoriam
662 1641 949 1698 funestam
1003 1640 1260 1716 putabat.
1372 1632 1580 1713 Idem,x
1615 1653 1918 1718 postquam
1982 1641 2136 1718 apud

307 1735 626 1793 Cadmeam
675 1734 922 1811 pugnari
966 1753 1101 1792 oum
1146 1735 1609 1793 Laoedoemoniis
1651 1747 1906 1813 coeptum
1934 1747 2043 1809 est,
2074 1734 2134 1795 in

304 1832 504 1908 primis
557 1831 730 1890 stetit.
818 1831 1011 1907 Hujus
1065 1832 1138 1889 de
1191 1831 1500 1890 virtutibus
1547 1831 1778 1907 vitaque
1834 1830 1976 1891 satis
2023 1831 2135 1892 erit

304 1927 548 2000 dietum,
578 1927 626 1985 si
654 1929 766 1986 hoo
793 1947 976 1986 unum
1005 1928 1344 2003 adjunxero,
1373 1927 1525 2003 quod
1555 1946 1727 1986 nemo
1754 1938 1850 1986 eat
1888 1927 2135 2002 inficias,
2180 1929 2255 1989 15

305 2023 546 2081 Thebas
574 2035 633 2082 et
662 2036 794 2083 ante
824 2023 1290 2100 Epaminondam
1319 2034 1541 2096 natum,
1571 2034 1630 2080 et
1655 2034 1785 2098 post
1830 2022 1958 2099 ejus
1993 2023 2138 2083 inte·

303 2117 500 2192 ritum,
554 2115 832 2196 perpetu&
889 2117 1080 2178 alieno
1126 2118 1388 2195 paruisse
1443 2116 1718 2195 imperi03
1788 2129 1990 2178 eontra
2043 2137 2134 2193 ea,

303 2215 579 2291 quamdiu
624 2216 720 2273 ille
768 2213 1062 2291 praefuerit
1109 2214 1465 2291 reipublioae,
1511 2226 1688 2291 caput
1737 2213 1913 2274 fuisse
1960 2213 2137 2274 totius

303 2310 567 2368 Graeoiae.
651 2310 744 2368 Ex
771 2330 884 2386 quo
913 2309 1160 2388 intelligi
1187 2321 1398 2388 potest,
1428 2329 1611 2369 unum
1640 2310 1934 2370 hominem
1955 2309 2136 2388 pluris

302 2403 479 2481 quam
507 2405 799 2465 civitatem
830 2405 1025 2466 fuisse.
2174 2403 2256 2466 20

760 2787 932 2846 XVI.
1016 2782 1677 2845 PELOPIDAS.

386 2977 433 3036 Ι.
518 2977 861 3053 Pelopidas,
930 2975 1255 3048 Thebanus,
1327 2972 1514 3049 magis
1583 2972 1894 3046 historicis,
1964 2992 2136 3049 quam

304 3075 496 3149 vulg0,
527 3085 712 3131 notus.
798 3070 984 3146 Cujus
1002 3071 1075 3128 de
1100 3068 1406 3126 virtutibus
1429 3067 1631 3125 dubito
1648 3067 2132 3142 quemadmodum

304 3187 609 3244 exponam,
659 3164 814 3242 quod
864 3185 1083 3237 vereor,
1128 3182 1225 3235 ne,
1271 3162 1320 3221 si
1370 3181 1462 3221 res
1505 3160 1793 3238 explicare
1839 3160 2135 3238 incipiam,

305 3283 422 3321 non
453 3263 627 3321 vitam
656 3262 781 3337 ejus
809 3279 1100 3333 enarrare,
1131 3259 1230 3318 sed
1262 3255 1560 3317 historiam
1597 3255 1795 3315 videar
1839 3255 2093 3316 seribere
2118 3276 2132 3329 ς

305 3359 353 3417 si
384 3360 781 3417 tantummodo
810 3375 1065 3414 summas
1095 3354 1359 3431 attigero,
1404 3372 1478 3410 ne
1528 3351 1769 3410 rudibus
1813 3351 2132 3411 litterarum
2174 3352 2255 3414 25

304 3455 640 3512 Graeoarum
670 3451 863 3510 minus
891 3449 1086 3508 lucide
1119 3458 1409 3526 appareat,
1438 3458 1687 3522 quantus
1713 3445 1880 3506 fuerit
1907 3446 2002 3505 ille
2031 3446 2132 3506 vir.

306 3550 508 3624 Itaque
539 3549 765 3624 utrique
794 3546 877 3605 rei
905 3563 1229 3615 occurram,
1259 3539 1537 3618 quantum
1577 3553 1796 3618 potero,
1839 3554 1896 3602 et
1945 3543 2137 3601 mede-

303 3646 407 3703 bor
435 3664 609 3722 quum
638 3643 889 3703 satietati
918 3654 1040 3702 tum
1072 3638 1413 3719 ignorantioe
1442 3637 2137 3698 lectorum—Phoebida-
