2619 4349
824 466 887 516 T.
920 466 1332 518 POMPONIUS
1366 466 1693 518 ATTICUS.
2172 462 2284 520 117

345 623 575 682 auxilio.
657 624 861 686 Quum
889 625 1239 701 proscriptos
1264 626 1516 703 praemiis
1541 614 1943 702 imperatorum
1960 626 2167 703 vulgus

341 719 726 794 conquireret,
756 739 928 778 nemo
957 720 1017 777 in
1059 721 1301 796 Epirum
1345 721 1521 794 venit,
1567 721 1664 778 cui
1706 740 1799 779 res
1840 721 1960 780 ulla
2007 710 2157 780 defu-

340 813 493 871 erit:
535 813 755 870 nemini
784 833 901 871 non
951 814 1030 870 ibi
1072 813 1350 890 perpetuo
1399 815 1674 872 manendi
1717 827 1969 892 potestas
2015 818 2168 876 facta

340 921 444 965 est.
526 908 652 969 Qui
674 908 871 981 etiam,
899 919 1027 984 post
1053 909 1318 985 proelium
1342 909 1732 986 Philippense,
1759 910 2166 987 interitumque

340 1001 410 1059 C.
454 1002 643 1059 Cassii
672 1014 731 1060 et
772 1002 856 1059 M.
887 1002 1071 1075 Bruti,
1104 1003 1169 1060 L.
1202 1003 1424 1061 ,Iulium
1470 1004 1769 1063 Mocillam
1815 1006 2165 1082 praetorium,
2204 1004 2244 1062 ‘5

340 1109 398 1154 et
426 1097 550 1172 ejus
590 1098 793 1170 filium,
839 1099 1170 1172 Aulumque
1218 1097 1600 1172 Torquatum,
1650 1111 2000 1175 eaeterosque
2043 1100 2168 1175 pari

343 1193 570 1250 fortunii
592 1193 907 1269 percuISOS‚
960 1192 1272 1251 instituerit
1319 1193 1488 1266 tueri,
1520 1205 1688 1268 atque
1735 1213 1809 1251 ex
1850 1193 2027 1269 Epiro
2075 1194 2166 1251 his

341 1288 535 1347 omnia
582 1288 1040 1346 Samothraciam
1086 1287 1405 1365 supportari
1448 1288 1700 1364 jusserit.
1784 1289 2038 1346 Difficile
2077 1300 2166 1347 est

338 1385 535 1442 omnia
565 1383 850 1459 persequi,
882 1394 939 1440 et
967 1403 1083 1440 non
1113 1382 1524 1440 necessarium.
1608 1382 1760 1441 Illud
1789 1403 1970 1440 unum
2001 1383 2164 1441 intel-

338 1479 441 1555 ligi
495 1480 774 1551 volumuS‚
831 1477 984 1534 illius
1037 1477 1442 1535 liberalitatem
1505 1497 1693 1552 neque
1737 1479 2161 1555 temporariam,
2208 1479 2283 1537 10

338 1592 527 1647 neque
555 1573 824 1631 callidam
859 1572 1050 1629 fuisse.
1135 1571 1205 1628 Id
1235 1591 1305 1629 ex
1336 1572 1474 1648 ipsis
1502 1573 1674 1630 rebus
1703 1592 1773 1631 ac
1812 1575 2164 1651 temporibus

334 1666 585 1743 judicari
652 1677 860 1743 potest,
915 1665 1069 1740 quod
1124 1686 1240 1723 non
1323 1666 1659 1725 florentibus
1713 1688 1774 1726 se
1827 1670 2162 1744 venditavit,

338 1764 441 1820 sed
487 1762 711 1820 afflictis
766 1781 990 1837 semper
1045 1761 1360 1818 succurrit:
1415 1762 1513 1836 qui
1554 1762 1792 1838 quidem
1842 1764 2163 1839 Serviliam,

339 1858 504 1916 Bruti
533 1869 793 1928 matrem,
832 1876 949 1914 non
978 1852 1172 1913 minus
1199 1867 1327 1931 post
1366 1868 1607 1914 mortem
1653 1857 1798 1933 ejus»,
1845 1857 2017 1933 quam
2067 1859 2165 1917 flo-

333 1964 521 2025 rente,
552 1950 810 2009 coluerit.
895 1950 997 2007 Sic
1023 1950 1366 2008 liberalitate
1394 1962 1584 2024 utens»,
1615 1951 1802 2009 nullas
1830 1952 2165 2011 inimicitias
2184 1956 2283 2013 ²15

338 2047 548 2124 gessit3
591 2043 743 2121 quod
773 2065 958 2119 neque
987 2046 1232 2103 laedebat
1258 2064 1604 2121 quenquam,
1635 2066 1844 2123 neque,
1892 2047 1942 2105 si
1992 2068 2165 2124 quam

339 2143 609 2219 injuriam
665 2153 989 2219 acceperat,
1031 2140 1221 2220 [non]
1274 2141 1528 2201 malebat
1573 2141 1798 2216 ulcisci,
1826 2141 1998 2219 quam
2026 2144 2167 2203 obli-

340 2238 498 2296 visci.
608 2238 775 2295 Idem
829 2236 1136 2295 immortali
1189 2238 1468 2295 memoria
1534 2251 1810 2315 percepta
1876 2240 2163 2299 retinebat

340 2333 662 2391 beneficia.
705 2350 830 2408 quae
861 2343 1053 2390 autem
1086 2332 1207 2408 ipse
1236 2333 1535 2406 tribuerat,
1554 2334 1776 2392 tamdiu
1799 2335 2162 2409 meminerat,

343 2430 530 2505 quoad
562 2429 656 2485 ille
686 2440 882 2504 gratus
911 2439 1053 2500 erat,
1082 2428 1178 2502 qui
1208 2439 1529 2504 acceperat.
1614 2429 1818 2504 Itaque
1860 2430 1957 2488 hic
2006 2431 2163 2503 fecit,
2203 2430 2283 2489 20

340 2537 404 2583 ut
457 2522 591 2581 vere
647 2523 866 2581 dictum
921 2523 1212 2581 videatur:
1281 2523 1393 2579 Sui
1447 2526 1646 2599 cuique
1700 2543 1877 2582 mores
1917 2524 2167 2601 fingunt

321 2618 649 2697 fortunam.
772 2618 980 2693 Neque
1008 2631 1202 2677 tamen
1233 2616 1393 2693 prius
1421 2618 1515 2675 ille
1546 2620 1853 2691 fortunam,
1882 2618 2053 2694 quam
2104 2640 2166 2677 se

341 2717 483 2793 ipse,
507 2714 672 2773 finxit
697 2734 711 2771 ι
753 2713 851 2788 qui
875 2713 1045 2785 cavit,
1076 2732 1150 2770 ne
1180 2713 1293 2787 qua
1315 2713 1382 2769 'in
1412 2732 1471 2769 re
1497 2713 1624 2789 jure
1653 2713 2019 2788 plecteretur.

417 2811 564 2867 XII.
675 2809 787 2866 His
842 2808 1015 2883 igitur
1070 2809 1242 2865 rebus
1313 2807 1523 2880 effecit,
1580 2819 1642 2865 ut
1712 2807 1795 2865 M.
1852 2809 2168 2885 Vipsanius

342 2906 621 2983 Agrippa,
679 2904 884 2961 intima
960 2904 1347 2961 familiaritate
1413 2903 1759 2977 conjunctus
1814 2903 2166 2960 adolescenti
2205 2903 2282 2960 25

340 3002 577 3073 Caesari,
607 3019 782 3075 quum
812 3010 1040 3074 propter
1069 3017 1229 3054 suam
1262 2997 1525 3072 gratiam,
1574 3008 1633 3053 et
1676 2996 1925 3052 Caesaris
1970 3010 2169 3071 poten-

340 3098 499 3168 tiam,
529 3096 742 3152 nullius
771 3092 1119 3151 conditionis
1148 3111 1261 3147 non
1293 3091 1530 3146 haberet
1556 3100 1918 3165 potestatem,
1947 3091 2169 3165 potissi-

339 3191 499 3248 mum
529 3190 654 3265 ejus
702 3189 983 3262 deligeret
1039 3186 1396 3255 affinitatem,
1452 3195 1905 3258 praeoptaretque
1958 3185 2166 3259 equitis

339 3285 596 3343 Romani
653 3283 828 3340 filiam
883 3299 1293 3357 generosarum
1364 3278 1598 3353 nuptiis.
1695 3278 1888 3352 Atque
1960 3282 2163 3337 harum

340 3380 670 3456 nuptiarum
723 3376 1061 3435 conciliator
1116 3375 1223 3431 fuit
1278 3372 1423 3449 (non
1472 3383 1559 3429 est
1612 3372 1770 3432 enim
1825 3374 2160 3455 celandum)
2205 3376 2285 3434 30

343 3476 425 3532 M.
461 3472 771 3543 AntoniUS‚
818 3469 1076 3529 triumvir
1121 3468 1452 3544 reipublicae
1499 3467 1957 3526 constituendae:
2001 3470 2168 3545 cujus

340 3571 526 3647 gratia
568 3587 743 3643 quum
790 3585 1000 3640 augere
1050 3562 1440 3639 possessiones
1487 3574 1679 3637 posset
1733 3581 1886 3635 suaS‚
1941 3564 2168 3622 tantum

344 3665 527 3725 abfuit
557 3683 588 3721 a
618 3662 932 3737 cupiditate
960 3657 1245 3736 pecuniae,
1277 3668 1340 3715 ut
1367 3656 1526 3714 nulla
1575 3656 1634 3714 in
1679 3677 1741 3715 re
1783 3677 1923 3714 usus
1956 3658 2033 3716 sit
2077 3658 2168 3732 ea,
2278 3712 2313 3725 ,,
