2619 4349
369 410 451 470 94
1167 416 1264 466 DE
1298 414 1628 465 REGIBUS.

489 599 595 636 suo
625 578 762 643 fecit
787 577 1017 646 omnia3
1060 595 1173 651 quo
1218 576 1434 634 factum
1477 586 1585 647 est,
1630 585 1694 632 ut
1721 573 1848 650 ejus
1875 573 2030 631 diem
2059 574 2313 633 natalem

488 675 697 731 festum
728 674 967 730 haberet
994 671 1265 729 universa
1293 670 1513 728 Sicilia.
1598 669 1758 728 Huic
1801 669 2035 745 quidam
2080 671 2317 729 Lames-

486 769 622 840 tius,
664 770 834 826 homo
901 768 1169 844 petulans
1237 777 1296 824 et
1351 765 1631 841 ingratuS‚
1688 764 2082 823 vadimonium
2135 785 2314 842 quum

485 866 655 923 vellet
700 865 1016 940 imponere,
1044 861 1200 939 quod
1250 882 1385 920 cum
1415 862 1512 920 illo
1540 881 1601 919 se
1629 862 1758 937 lege
1787 881 1960 939 agere
1988 861 2228 936 diceret,
2258 860 2317 922 et

402 963 447 1021 ὅ
487 963 812 1038 complures
839 960 1290 1032 concurrissent,
1319 959 1419 1034 qui
1444 958 1861 1035 procacitatem
1899 958 2150 1016 hominis
2198 978 2317 1017 ma-

485 1057 660 1114 nibus
690 1061 962 1114 coercere
992 1065 1340 1112 conarentur
1366 1073 1380 1124 ;
1424 1052 1733 1111 Timoleon
1771 1052 1955 1111 oravit
1992 1073 2211 1126 omneS‚
2240 1074 2317 1112 ne

486 1152 548 1210 id
578 1153 851 1209 facerent.
935 1148 1203 1224 Namque
1226 1148 1290 1205 id
1323 1160 1384 1205 ut
1411 1146 1705 1205 Lamestio
1733 1146 2070 1223 caeterisque
2092 1147 2317 1221 liceret,

484 1266 547 1303 se
576 1247 857 1303 maximos
884 1246 1110 1302 labores
1153 1262 1490 1318 summaque
1530 1242 1740 1300 adiisse
1782 1243 2059 1323 pericula.
2142 1243 2317 1303 Hanc

486 1342 642 1398 enim
672 1340 925 1416 speciem
975 1338 1254 1396 libertatis
1282 1357 1431 1410 esse,
1462 1336 1510 1394 si
1537 1334 1829 1412 omnibuS,
1877 1338 2028 1414 quod
2076 1338 2317 1415 quisque

379 1437 452 1493 10
493 1436 684 1506 vellet,
740 1433 968 1509 legibus
1021 1432 1269 1508 experiri
1323 1432 1543 1490 liceret.
1627 1432 1814 1506 Idem,
1859 1452 2036 1508 quum
2080 1432 2314 1509 quidam

488 1529 770 1588 Lamestii
799 1528 1022 1600 similis,
1046 1528 1281 1585 nomine
1305 1526 1701 1600 Demaenetus‚
1728 1527 1787 1584 in
1811 1527 2094 1586 concione
2115 1529 2314 1604 populi

490 1626 564 1681 de
622 1624 794 1681 rebus
841 1621 1020 1699 gestis
1074 1621 1200 1697 ejus
1249 1621 1553 1679 detrahere
1602 1621 1891 1698 coepisset,
1938 1641 2007 1680 ac
2034 1624 2318 1681 nonnulla

484 1718 853 1776 inveheretur
896 1716 956 1773 in
996 1716 1389 1788 Timoleonta,
1419 1715 1584 1788 dixit,
1614 1735 1773 1773 nunc
1817 1717 2051 1775 demum
2095 1738 2156 1776 se
2200 1718 2317 1777 voti

487 1832 614 1870 esse
669 1813 1022 1869 damnatum.
1131 1809 1404 1885 Namque
1469 1811 1595 1867 haec
1644 1829 1679 1867 a
1730 1811 1843 1868 diis
1898 1811 2317 1870 immortalibus

373 1910 449 1967 15
488 1927 713 1982 semper
741 1919 1061 1983 precatum,
1094 1917 1157 1963 ut
1185 1905 1359 1963 talem
1387 1905 1711 1963 libertatem
1750 1906 2121 1966 restituerent
2148 1907 2321 1982 Syra-

486 2002 742 2074 cusanis,
799 2001 859 2059 in
912 2001 1026 2075 qua
1082 1999 1266 2057 cuivis
1313 1999 1536 2073 liceret,
1566 2001 1639 2058 de
1694 2021 1807 2076 quo
1856 2002 2044 2075 vellet,
2077 2001 2315 2079 impune

484 2098 698 2155 dicere.
781 2097 899 2154 Hic
928 2116 1106 2172 quum
1135 2095 1290 2153 diem
1342 2115 1674 2171 supremum
1721 2096 1979 2171 obiisset,
2008 2097 2249 2174 publice
2284 2115 2319 2158 a

484 2192 869 2268 Syracusanis
898 2192 956 2250 in
986 2192 1309 2268 gymnasio,
1348 2193 1500 2267 quod
1545 2192 2016 2253 Timoleonteum
2070 2195 2319 2272 appella·

483 2299 596 2360 tur,
626 2286 746 2345 tota
775 2286 1107 2345 celebrante
1138 2286 1342 2344 Sicilia
1371 2288 1629 2363 sepultus
1656 2299 1761 2347 est.

906 2683 1082 2740 XXI.
1167 2683 1299 2741 DE
1335 2701 1340 2706 ’
1375 2684 1887 2743 REGIBUS.

358 2838 444 2898 20
562 2837 611 2894 I.
697 2837 778 2893 Hi
804 2835 921 2894 fere
955 2839 1188 2897 fuerunt
1215 2839 1459 2897 Groeciae
1504 2840 1696 2916 gentis
1724 2842 1925 2915 duceS,
1954 2842 2051 2916 qui
2101 2863 2315 2903 memo-

476 2931 562 2992 ria
590 2932 754 3009 digni
781 2932 1144 3006 videbantur,
1172 2946 1379 3010 praeter
1419 2955 1604 3011 reges,
1687 2936 1956 3012 Namque
2000 2957 2099 2995 eos
2144 2939 2313 2996 attin-

477 3046 615 3103 gere
657 3027 966 3101 noluimuS,
996 3027 1148 3103 quod
1179 3030 1437 3086 omnium
1466 3050 1560 3088 res
1587 3042 1764 3107 gestae
1812 3033 2120 3108 separatim
2175 3048 2310 3094 sunt

475 3122 692 3180 relatae.
777 3121 985 3198 Neque
1013 3134 1208 3180 tamen
1239 3124 1298 3180 hi
1330 3125 1640 3183 admodum
1680 3137 1813 3184 sunt
1862 3128 2045 3185 multi.
2128 3129 2310 3187 Lace-

477 3216 798 3274 daemonius
848 3229 1038 3275 autem
1070 3218 1385 3293 Agesilaus
1434 3219 1690 3293 nomine,
1719 3240 1837 3279 non
1866 3233 2169 3298 potestate,
2202 3224 2309 3283 fuit

358 3311 440 3371 25
480 3330 614 3382 rex3
658 3310 832 3369 sicuti
860 3311 1056 3370 caeteri
1086 3312 1373 3388 Spartani.
1460 3313 1549 3371 Ex
1577 3314 1669 3372 his
1698 3313 1852 3388 vero,
1902 3317 2000 3391 qui
2050 3318 2307 3375 domina-

474 3417 601 3464 tum
633 3405 872 3482 imperio
899 3419 1231 3480 tenuerunt,
1261 3409 1734 3467 excellentissimi
1779 3411 2011 3470 fuerunt
2057 3412 2150 3489 (ut
2198 3433 2306 3472 nos

470 3500 831 3580 judicamus)
862 3501 1168 3560 Persarum
1198 3504 1406 3578 Cyru5‚
1436 3515 1494 3562 et
1521 3505 1734 3562 Darius
1779 3506 2087 3584 Hystaspis
2115 3509 2266 3566 filius
2291 3531 2305 3579 ;

472 3615 716 3672 quorum
745 3606 985 3672 uterque
1039 3597 1293 3672 privatus
1337 3599 1543 3657 virtute
1609 3619 1852 3676 regnum
1907 3614 1996 3662 est
2045 3604 2305 3680 adeptus.

475 3690 639 3750 Prior
667 3692 871 3749 horum
902 3693 1053 3767 apud
1078 3691 1443 3770 Massagetas
1472 3693 1531 3751 in
1553 3694 1755 3772 proelio
1773 3696 2006 3756 cecidit.
2090 3697 2308 3760 Darius
