2619 4349
1055 414 1423 466 DATAMES.
2189 407 2267 467 δι

319 579 618 650 Datames,
667 596 803 635 cum
857 578 1064 654 quibus
1120 578 1225 636 iter
1282 580 1554 652 faciebat,
1611 592 1674 638 ut
1721 581 1903 656 parati
1957 595 2152 643 essent

323 676 535 747 facere,
576 673 730 748 quod
787 673 975 748 ipsum
1030 673 1370 761 vidissent4
1422 675 1579 751 Ipse,
1622 687 1686 734 ut
1739 688 2153 736 concurrentes

323 768 687 827 insidiatores
737 768 1160 842 animadvertit,
1210 770 1326 827 tela
1382 769 1440 826 in
1495 790 1596 828 eos
1648 770 1918 847 conjecit.
2018 772 2154 830 Hoc

325 864 478 921 idem
507 883 684 939 quum
712 863 967 921 universi
996 863 1290 937 fecissent,
1319 865 1654 941 priusquam
1682 866 2051 943 pervenirent
2077 867 2150 925 ad

322 979 477 1033 eum,
506 979 677 1034 quem
707 958 946 1037 aggredi
973 959 1262 1032 volebant,
1292 959 1509 1018 confixi
1537 960 1896 1020 ceciderunt.
2188 962 2231 1020 5

401 1055 479 1112 Χ.
563 1055 683 1112 Hic
737 1066 932 1113 tamen
987 1066 1105 1113 tam
1159 1055 1406 1112 callidus
1452 1055 1537 1114 vir
1590 1067 1847 1115 extremo
1896 1068 2152 1132 tempore

323 1163 525 1227 captus
546 1161 635 1208 est
657 1149 1034 1222 Mithridatis,
1059 1149 1481 1207 Ariobarzanis
1503 1149 1627 1223 filii,
1650 1150 1799 1208 dolo.
1881 1149 1944 1207 Ν
1947 1169 2152 1225 amque

324 1245 372 1303 is
411 1245 703 1322 pollicitus
742 1257 831 1304 est
870 1244 1050 1321 Regi,
1079 1264 1141 1303 se
1182 1265 1319 1302 eum
1361 1245 1821 1319 interfecturum,
1851 1245 1900 1303 si
1928 1245 1983 1302 ei
2017 1246 2153 1303 Rex

322 1341 696 1417 permitteret,
720 1353 802 1415 ut,
825 1341 1208 1417 quodcunque
1232 1341 1422 1414 vellet,
1445 1341 1649 1400 liceret
1671 1339 1907 1417 impune
1938 1342 2151 1414 facere,

322 1437 608 1513 fidemque
663 1437 736 1494 de
790 1436 862 1494 eii.
914 1456 997 1509 re,
1047 1455 1205 1494 more
1248 1435 1576 1509 Persarum,
1620 1437 1823 1494 dextra
1877 1436 2148 1494 dedisset.
2195 1437 2270 1493 10

322 1530 499 1589 Hanc
527 1544 591 1590 ut
619 1531 845 1608 accepit
875 1551 908 1589 a
935 1532 1107 1607 Rege
1135 1530 1393 1604 missam,
1422 1531 1619 1607 copias
1645 1545 1830 1607 parat,
1856 1543 1916 1590 et
1943 1532 2153 1589 absens

322 1626 634 1686 amicitiam
683 1646 817 1698 cum
860 1626 1107 1685 Datame
1158 1627 1318 1700 facit,
1361 1627 1549 1703 Regis
1595 1627 1922 1703 provincias
1963 1639 2151 1699 vexat,

321 1723 559 1780 castella
580 1733 894 1798 expugnat,
919 1741 1161 1798 magnas
1190 1723 1414 1797 praedas
1436 1722 1592 1798 capit
1615 1742 1629 1791 3
1673 1741 1913 1798 quarum
1941 1722 2152 1798 partim

320 1817 441 1875 suis
482 1818 763 1894 dispertit,
804 1818 1011 1893 partim
1055 1818 1128 1874 ad
1169 1816 1478 1875 Datamem
1520 1817 1711 1876 mittit.
1804 1817 1939 1875 Pari
1979 1817 2151 1876 modo

320 1914 617 1990 complura
645 1914 883 1972 castella
910 1913 964 1970 ei
994 1912 1184 1972 tradit.
1299 1913 1448 1970 Haec
1477 1913 1577 1969 diu
1603 1913 1891 1985 faciendo,
1919 1931 2152 1988 persua·
2195 1914 2268 1970 15

319 2008 395 2066 sit
449 2007 711 2081 homini,‘
745 2028 807 2065 se
861 2008 1154 2065 infinitum
1211 2005 1487 2085 adversus
1541 2008 1772 2082 Regem
1828 2006 2150 2082 suscepisse

322 2103 569 2161 bellum:
621 2122 797 2180 quum
838 2102 1022 2161 nihilo
1061 2101 1268 2179 magiS,
1312 2118 1385 2159 ne
1427 2121 1600 2178 quam
1642 2101 2029 2178 suspicionem
2068 2100 2150 2159 illi

317 2200 599 2276 praeberet
663 2199 1024 2272 insidiarum,
1081 2218 1267 2274 neque
1333 2197 1682 2273 colloquium
1742 2198 1869 2274 ejus
1928 2197 2149 2273 petivit,

319 2313 508 2370 neque
538 2294 597 2352 in
627 2305 1001 2370 conspectum
1034 2294 1229 2351 venire
1253 2293 1490 2351 studuit.
1591 2293 1692 2350 Sic
1723 2292 1931 2350 absens
1955 2291 2153 2349 amici-

318 2390 461 2449 tiam
503 2390 760 2466 gerebat,
795 2400 859 2447 ut
899 2408 1016 2446 non
1060 2388 1361 2445 beneficiis
1402 2388 1638 2461 mutuiS,
1681 2388 1783 2445 sed
1822 2387 1957 2446 odio
1997 2406 2152 2444 com-
2187 2386 2268 2445 20

318 2485 503 2558 muni,
545 2485 697 2560 quod
737 2503 876 2561 erga
936 2485 1168 2561 Regem
1232 2494 1629 2560 susceperant,
1671 2482 1957 2541 contineri
1997 2483 2152 2539 vide-

319 2592 535 2639 rentur.

398 2673 511 2733 XI.
594 2674 665 2731 Id
694 2694 870 2750 quum
899 2672 1040 2732 satis
1068 2693 1130 2731 se
1159 2674 1534 2732 confirmasse
1564 2672 1871 2731 arbitratus
1898 2683 2006 2745 est,
2029 2691 2152 2731 cer·

317 2770 524 2829 tiorem
566 2769 706 2828 facit
745 2768 1076 2842 Datamem,
1119 2779 1347 2844 tempus
1395 2787 1524 2826 esse
1569 2769 1814 2845 majores
1862 2767 2153 2826 exercitus

317 2863 529 2941 parari,
558 2864 772 2922 bellum
803 2883 937 2921 cum
967 2863 1091 2940 ipso
1121 2863 1292 2940 Rege
1324 2863 1557 2939 suscipi.
1656 2864 1860 2940 Deque
1887 2864 1960 2920 ea
1987 2883 2070 2936 re,
2101 2864 2150 2921 si
2188 2864 2268 2922 25

318 2959 374 3016 ei
428 2958 736 3032 videretur,
785 2979 898 3034 quo
951 2959 1080 3017 loco
1135 2959 1325 3030 vellet,
1377 2959 1435 3015 in
1507 2958 1855 3034 colloquium
1911 2958 2147 3017 veniret.

318 3053 568 3112 Probata
607 3073 691 3126 re,
735 3053 1100 3128 colloquendi
1140 3065 1370 3128 tempus
1410 3053 1674 3126 sumitur,
1713 3054 2009 3128 locusque,
2038 3072 2152 3128 quo

319 3147 741 3207 conveniretur.
826 3147 965 3205 Huc
989 3147 1360 3218 Mithridates
1385 3166 1518 3205 cum
1548 3167 1683 3221 uno,
1714 3146 1811 3205 cui
1840 3147 2151 3206 maximam

319 3244 573 3302 habebat
600 3244 793 3316 fidem,
826 3256 958 3302 ante
1003 3243 1217 3320 aliquot
1257 3242 1384 3301 dies
1425 3244 1602 3317 venit,
1645 3243 2150 3321 compluribusque

317 3338 464 3397 locis
517 3339 824 3415 separatim
877 3339 1102 3417 gladios
1148 3338 1362 3411 obruit,
1418 3358 1601 3414 eaque
1654 3341 1784 3398 loca
1842 3340 2149 3417 diligenter
2189 3340 2268 3398 30

317 3445 496 3493 notat.
581 3434 717 3511 Ipso
758 3446 951 3493 autern
992 3434 1359 3510 colloquendi
1398 3433 1514 3507 die,
1544 3435 1791 3511 utrique,
1819 3436 2012 3494 locum
2051 3434 2151 3511 qui

320 3530 702 3605 explorarent,
733 3542 902 3606 atque
944 3531 1096 3607 ipsos
1137 3542 1554 3604 scrutarentur,
1585 3532 1834 3590 mittunt.
1918 3531 2149 3589 Deinde

321 3622 430 3701 ipsi
458 3635 594 3682 sunt
621 3625 935 3702 congressi.
1038 3624 1179 3700 Hic,
1208 3645 1387 3703 quum
1414 3624 1747 3702 aliquandiu
1778 3627 1836 3684 in
1866 3628 2151 3701 colloquio

874 3721 915 3778 6
