2619 4349
1066 396 1423 450 EUMENES.
2189 394 2269 455 81

270 543 275 548 ’
325 575 462 615 vera
491 557 692 614 audire
720 576 839 615 non
865 570 1120 634 possent,
1158 570 1219 616 et
1262 559 1353 616 his
1400 558 1792 635 persuaderet,
1842 578 1904 616 se
1953 570 2157 618 contra

324 653 605 727 quosdam
634 653 909 710 barbaros
930 653 1237 729 proficisci.
1323 653 1527 729 Itaque
1555 654 1744 714 tenuit
1784 656 1896 713 hoc
1922 674 2153 732 propos·

326 759 490 820 itum,
519 759 577 806 et
605 745 764 824 prius
798 747 857 804 in
903 748 1089 805 aciem
1137 749 1458 807 exercitum
1507 750 1728 824 eduxit,
1773 750 2152 827 proeliumque

254 857 260 861 ·
325 843 633 915 commisit,
662 840 836 919 quarn
872 843 1084 902 milites
1132 843 1222 900 sui
1272 844 1509 917 scirent,
1559 864 1693 902 curn
1737 845 1948 921 quibus
1998 863 2158 903 arma

326 938 671 995 conferrent.
759 937 968 996 Effecit
987 938 1162 996 etiam
1186 938 1328 996 illud
1350 940 1609 997 locorum
1626 941 2149 1017 praeoecupatione,
2192 941 2235 1000 5

326 1044 390 1090 ut
417 1033 673 1107 equitatu
701 1032 893 1109 potius
914 1034 1237 1106 dimicaret,
1265 1053 1380 1109 quo
1407 1032 1537 1110 plus
1564 1035 1810 1107 valebat,
1843 1034 2017 1110 quam
2058 1054 2157 1112 pe-

327 1127 533 1199 ditatu,
563 1147 677 1202 quo
705 1140 828 1186 erat
856 1129 1123 1187 deterior.

408 1221 513 1279 IV.
594 1222 866 1283 Quorum
896 1223 1178 1281 acerrimo
1206 1242 1495 1280 concursu
1523 1241 1698 1297 quum
1733 1242 2003 1299 magnam
2032 1242 2159 1300 par-

329 1328 447 1373 tem
476 1315 593 1372 diei
616 1329 770 1375 esset
798 1329 1139 1394 pugnatum,
1169 1318 1328 1376 cadit
1357 1318 1633 1375 Craterus
1676 1318 1814 1390 dux,
1865 1329 1924 1375 et
1965 1317 2160 1395 Neop-

320 1412 595 1483 tolemus
646 1412 743 1485 qui
801 1413 1124 1469 secundum
1166 1413 1361 1470 locum
1401 1412 1626 1488 imperii
1669 1413 1920 1472 tenebat.
2004 1413 2154 1470 Cum
2203 1413 2276 1473 10

330 1506 441 1563 hoc
471 1507 766 1563 concurrit
795 1505 918 1582 ipse
948 1506 1260 1564 Eumenes.
1343 1506 1470 1582 Qui
1498 1525 1676 1581 quum
1706 1507 1856 1565 inter
1899 1527 1960 1564 se
2004 1526 2159 1565 com-

328 1600 483 1676 plexi
513 1600 812 1658 interram
841 1620 914 1657 ex
964 1601 1127 1675 equis
1171 1601 1546 1673 decidissent,
1586 1613 1650 1659 ut
1698 1600 1867 1659 facile
1911 1601 2159 1677 intelligi

327 1706 539 1771 posset,
565 1695 805 1752 inimica
826 1708 1020 1753 mente
1043 1695 1435 1767 contendisse,
1457 1695 1762 1770 animoque
1780 1695 1967 1771 magis
1983 1695 2158 1753 etiam

329 1790 618 1866 pugnasse
645 1788 817 1865 quam
847 1810 1083 1866 corpore
1108 1810 1121 1859 ;
1166 1809 1284 1848 non
1314 1788 1473 1865 prius
1502 1789 1761 1848 distracti
1792 1803 1946 1862 sunt,
1981 1788 2155 1867 quam

333 1887 576 1944 alterum
605 1886 800 1943 anima
826 1886 1136 1960 reliquerit.
1222 1887 1320 1942 Ab
1348 1888 1459 1943 hoc
1478 1886 1692 1960 aliquot
1718 1886 1904 1962 plagis
1947 1886 2160 1943 Eume-
2203 1884 2278 1943 15

329 2000 436 2040 nes
463 1982 812 2054 vulneratur,
843 2001 1030 2056 neque
1057 1980 1130 2039 eo
1153 1981 1340 2057 magis
1377 2001 1451 2039 ex
1494 1980 1697 2058 proelio
1740 1980 2010 2054 excessit,
2054 1982 2157 2038 sed

332 2075 524 2135 acrius
554 2079 746 2136 hostes
784 2077 1008 2135 institit.
1092 2076 1213 2134 Hic
1259 2076 1550 2151 equitibus
1596 2076 1934 2153 profligati5‚
1985 2076 2190 2159 inter-n

331 2174 484 2233 fecto
512 2174 662 2231 duce
690 2172 953 2246 Cratero,
982 2173 1179 2232 multis
1205 2186 1484 2250 praeterea
1500 2183 1559 2231 et
1583 2170 1833 2230 maxime
1869 2172 2161 2231 nobilibus

331 2270 536 2345 captiS,
564 2271 830 2345 pedester
858 2269 1167 2341 exercitus,
1196 2267 1353 2343 quod
1390 2268 1449 2325 in
1494 2287 1565 2325 ea
1601 2268 1731 2326 loca
1778 2278 1902 2326 erat
1945 2269 2161 2325 deduc-

333 2377 444 2437 ωε,
476 2376 541 2422 ut
568 2364 747 2422 invito
781 2364 1047 2421 Eumene
1090 2364 1241 2421 elabi
1287 2384 1406 2422 non
1455 2374 1669 2439 posset,
1719 2382 1924 2439 pacem
1970 2363 2042 2420 ab
2085 2382 2156 2420 eo
2198 2359 2280 2420 20

332 2459 514 2537 petiit.
596 2459 798 2521 Quam
826 2478 1002 2534 quum
1032 2459 1416 2535 impetrasset,
1448 2458 1507 2515 in
1536 2459 1650 2515 fide
1679 2478 1797 2516 non
1841 2459 2073 2531 mansit,
2102 2468 2162 2516 et

333 2576 417 2627 se,
443 2554 611 2612 simul
644 2574 714 2612 ac
751 2554 958 2632 potuit,
1005 2555 1077 2611 ad
1123 2553 1498 2629 Antipatrum
1545 2552 1782 2628 recepit.
1865 2551 2162 2609 Eumenes

338 2651 665 2722 Craterum,
690 2637 765 2707 ex
796 2651 921 2706 acie
950 2648 1288 2706 semivivum
1326 2650 1563 2720 elatum,
1612 2665 1875 2705 recreare
1923 2646 2159 2704 studuit.

332 2747 537 2808 Quum
594 2746 651 2802 id
708 2764 823 2802 non
872 2755 1086 2821 posset,
1142 2764 1244 2820 pro
1300 2742 1550 2802 hominis
1598 2742 1901 2818 dignitate,
1946 2760 2160 2818 proque

333 2840 576 2915 pristina
606 2839 862 2897 amicitia
893 2838 1170 2915 (namque
1199 2839 1296 2896 illo
1325 2858 1464 2895 usus
1491 2849 1634 2910 erat,
1660 2838 1994 2895 Alexandro
2017 2835 2162 2907 vivo,
2200 2834 2281 2892 25

270 2961 276 2966 ·
338 2936 720 3013 familiariter)
755 2935 944 3010 amplo
974 2935 1173 2991 funere
1192 2934 1416 3004 extulit,
1446 2952 1688 3006 ossaque
1728 2932 1786 2987 in
1829 2929 2165 2987 Macedoni-

337 3049 427 3087 am
458 3031 621 3087 uxori
651 3030 777 3105 ejus
806 3048 874 3085 ac
896 3028 1093 3085 liberis
1119 3027 1362 3083 remisit.

416 3126 488 3183 V.
575 3125 722 3182 Haec
752 3126 887 3180 dum
915 3123 1064 3199 apud
1096 3122 1540 3196 Hellespontum
1590 3130 1889 3194 geruntur,
1933 3116 2166 3174 Perdic-

338 3240 437 3278 cas
469 3221 619 3295 apud
650 3219 865 3275 flumen
897 3217 1099 3274 Nilum
1131 3215 1474 3273 interficitur
1499 3234 1532 3272 a
1561 3214 1809 3271 Seleuco
1837 3224 1894 3269 et
1918 3212 2164 3287 Antigo-

339 3335 447 3383 no;
493 3332 798 3388 rerumque
848 3329 1073 3369 summa
1118 3312 1188 3367 ad
1247 3310 1621 3385 Antipatrum
1669 3309 1941 3366 defertur.
2026 3306 2164 3380 Hic,
2204 3305 2284 3365 30

337 3409 434 3486 qui
491 3410 885 3478 deseruerant,
936 3406 1196 3463 exercitu
1251 3403 1589 3479 suffragium
1662 3404 1906 3476 ferente,
1958 3402 2166 3478 capitis

341 3505 608 3561 absentes
638 3503 1005 3559 damnantur.
1091 3500 1161 3556 In
1192 3499 1283 3555 his
1328 3498 1640 3555 Eumenes.
1726 3498 1860 3555 Hac
1909 3498 2005 3555 ille
2042 3516 2168 3572 per-

339 3618 544 3659 cussus
591 3597 762 3677 plaga
805 3616 922 3656 non
978 3593 1307 3667 succubuit,
1356 3612 1545 3670 neque
1588 3592 1660 3650 eo
1710 3592 1904 3650 secius
1951 3592 2166 3650 bellum
