2619 4349
376 451 456 509 72
1193 455 1619 504 AGESILAUS.

492 616 678 693 prima
703 616 1053 692 phalangem
1085 613 1391 690 prostravit
1433 613 1755 670 Laconum.
1838 610 2132 670 Omnibus
2178 632 2321 689 prae—

492 723 652 770 terea
677 711 951 787 periculis
976 709 1175 768 adsuit.
1260 709 1428 766 Sicut
1457 710 1725 784 Spartam
1745 727 1923 784 quum
1941 707 2318 784 oppugnavit,

494 808 735 865 alterum
763 806 951 865 tenuit
979 825 1160 864 cornu
1187 825 1199 862 :
1242 803 1471 881 quoque
1502 803 1776 861 Messena
1804 803 2053 861 celerius
2094 803 2323 861 restitu-

493 914 705 974 eretur,
734 903 962 978 legatus
994 901 1054 958 in
1099 901 1306 958 Persas
1355 911 1444 957 est
1489 900 1797 976 profectus
1883 898 2151 973 Denique
2194 900 2321 956 haec

412 998 454 1054 5
494 997 602 1056 fuit
630 999 809 1055 altera
834 1015 1084 1073 persona
1110 995 1357 1068 Thebis,
1408 994 1509 1052 sed
1560 1006 1754 1052 tamen
1799 995 2059 1052 secunda
2107 994 2207 1067 ita,
2256 1007 2320 1054 ut

492 1092 754 1168 proxima
779 1103 932 1149 esset
959 1091 1398 1168 Epaminondae.

572 1187 646 1243 V.
747 1186 1129 1244 Conflictatus
1185 1197 1378 1243 autern
1436 1194 1525 1242 est
1578 1202 1714 1240 cum
1771 1183 2010 1241 adversa
2064 1184 2314 1263 fortuna.

492 1280 647 1337 Nam
674 1292 734 1339 et
762 1280 945 1352 initio,
976 1280 1127 1338 sicut
1153 1279 1530 1352 ostendimuS,
1580 1278 1713 1336 exul
1758 1279 1943 1354 patria
1991 1279 2176 1338 caruit
2204 1299 2216 1336 ε
2260 1290 2320 1338 et

493 1394 667 1449 quum
707 1375 1079 1432 Thessaliam
1125 1375 1186 1431 in
1229 1384 1571 1450 potestatem
1618 1373 2037 1431 Thebanorum
2081 1385 2323 1449 cuperet

274 1518 280 1523 .
381 1471 455 1527 10
498 1469 778 1545 redigere,
807 1469 1226 1546 legationisque
1249 1469 1380 1545 jure
1409 1468 1550 1526 satis
1577 1479 1795 1526 tectum
1824 1488 1887 1526 se
1927 1468 2318 1541 arbitraretur,

494 1564 646 1638 quod
690 1565 840 1639 apud
885 1583 1087 1621 omnes
1137 1574 1342 1639 gentes
1386 1574 1653 1621 sanctum
1701 1582 1830 1620 esse
1878 1562 2240 1637 consuesset,
2288 1583 2323 1621 a

494 1668 740 1732 tyranno
785 1658 1120 1715 Alexandro
1175 1657 1417 1717 Pheraeo
1460 1657 1631 1715 simul
1681 1667 1816 1714 cum
1862 1656 2118 1715 Ismenia
2167 1677 2322 1717 com-

492 1753 833 1828 prehensuS,
858 1753 917 1810 in
947 1753 1180 1810 vincula
1207 1753 1508 1829 conjectus
1551 1764 1656 1811 est.
1741 1753 1921 1810 Hunc
1969 1754 2322 1830 Epaminon-

493 1848 598 1905 das
625 1849 1006 1924 recuperavit,
1038 1849 1188 1907 bello
1215 1869 1567 1925 persequens
1597 1849 2015 1907 Alexandrum.
2099 1850 2239 1909 Post
2261 1850 2321 1908 id

377 1943 453 2000 15
496 1943 732 2017 factum,
762 1963 1058 2018 nunquam
1088 1943 1137 2001 is
1166 1944 1359 2002 animo
1378 1943 1599 2020 placari
1624 1943 1811 2020 potuit
1853 1943 1913 2001 in
1961 1963 2115 2019 eum,
2149 1964 2183 2002 a
2209 1966 2322 2020 quo

491 2050 616 2098 erat
655 2039 916 2097 violatuS.
1001 2039 1205 2114 Itaque
1253 2039 1539 2115 persuasit
1588 2038 1912 2112 ThebaniS,
1957 2050 2020 2097 ut
2064 2041 2323 2100 subsidio

493 2133 815 2192 Thessaliae
870 2133 1393 2209 proficiscerentur,
1450 2145 1839 2210 tyrannosque
1894 2132 2020 2209 ejus
2068 2135 2318 2211 expelle-

491 2239 638 2285 rent.
723 2228 908 2303 Cujus
962 2228 1098 2285 belli
1152 2247 1329 2303 quum
1371 2228 1427 2285 ei
1475 2247 1701 2286 summa
1743 2241 1897 2287 esset
1945 2230 2102 2303 data,
2135 2229 2321 2307 eoque

492 2340 628 2379 cum
655 2322 915 2380 exercitu
955 2324 1248 2399 profectus
1292 2335 1467 2397 esset,
1511 2343 1627 2382 non
1677 2323 1981 2397 dubitavit,
2033 2326 2203 2384 simul
2251 2346 2321 2385 ac

372 2417 453 2475 20
494 2417 798 2493 conspexit
828 2419 1070 2493 hostem,
1121 2418 1453 2495 confligere.
1537 2418 1611 2476 In
1659 2439 1772 2495 quo
1820 2420 2022 2496 proelio
2067 2422 2323 2480 Alexan-

492 2512 660 2571 drum
689 2525 753 2572 ut
781 2514 1204 2587 animadvertit,
1237 2513 1514 2572 incensus
1536 2513 1621 2572 ira
1648 2534 1860 2590 equum
1890 2516 1951 2573 in
2000 2536 2134 2574 eum
2184 2537 2323 2575 con·

491 2608 712 2681 citavit,
764 2610 1078 2685 proculque
1127 2611 1435 2686 degressus
1486 2629 1519 2667 a
1564 2610 1703 2683 suis,
1754 2611 2024 2686 conjectu
2075 2613 2321 2670 telorum

491 2704 792 2761 confossus
819 2704 1093 2764 concidit.
1178 2705 1373 2780 Atque
1403 2706 1514 2762 hoc
1544 2705 1802 2762 secunda
1824 2704 2066 2764 victoria
2084 2708 2317 2767 accidit.

490 2795 647 2854 Nam
695 2796 818 2872 jam
871 2797 1164 2855 inclinatae
1220 2809 1386 2857 erant
1440 2810 1815 2873 tyrannorum
1869 2801 2070 2875 copiae.
2175 2803 2322 2865 Quo

369 2889 449 2950 25
492 2891 665 2963 fact0,
692 2910 895 2949 omnes
922 2891 1246 2949 Thessaliae
1283 2891 1548 2951 civitates
1578 2891 1948 2951 interfectum
1970 2895 2311 2973 Pelopidam

488 2984 718 3044 coronis
765 2985 956 3044 aureis
1003 2997 1062 3045 et
1108 2987 1315 3046 statuis
1363 2985 1563 3061 aeneiS‚
1591 2987 1916 3064 liberosque
1963 2977 2091 3068 ejus
2138 2994 2323 3052 multo

489 3100 647 3159 agro,
676 3080 982 3141 donarunt.
1829 3101 1834 3102 ⁷

937 3393 1141 3453 xvn.
1225 3375 1860 3455 AGESILAUS.

568 3559 617 3617 1.
699 3560 1042 3635 Agesilafis,
1072 3562 1562 3636 Lacedaemonius,
1590 3582 1769 3639 quum
1799 3583 1834 3622 a
1861 3564 2087 3625 caeteris
2136 3567 2316 3645 scrip·

510 3654 728 3729 oribus,
755 3666 878 3713 tum
906 3654 1117 3714 eximie
1151 3677 1183 3716 a
1210 3658 1607 3734 Xenophonte
1626 3660 1927 3721 Socratico
1948 3661 2312 3723 collaudatus
