2619 4349
1128 446 1334 495 CATO.
2147 435 2262 494 1⁰7

313 613 490 676 esset,
541 602 951 675 renuntiasset,
994 621 1308 677 omnesque
1357 601 1546 660 exitus
1592 613 1906 676 occupatos
1953 611 2144 658 osten-

314 697 496 755 disset
518 717 533 766 3
575 697 758 756 sensit
787 698 845 754 id
873 717 990 754 non
1021 695 1252 755 fortuito
1284 697 1522 768 factum,
1550 695 1654 752 sed
1683 714 1744 752 se
1781 695 1921 771 peti,
1951 714 2140 771 neque

316 790 429 848 sibi
456 790 675 850 diutius
718 791 893 850 vitam
946 811 1074 849 esse
1121 791 1503 849 retinendam.
1585 791 1786 853 Quam
1834 810 1908 849 ne
1952 790 2147 849 alieno

315 884 552 945 arbitrio
579 885 913 958 dimitteret,
955 904 1173 943 memor
1213 885 1585 961 pristinarum
1628 885 1924 959 virtutum,
1973 905 2144 943 vene·

316 998 478 1051 num,
507 981 658 1055 quod
687 999 913 1056 semper
941 999 1140 1038 secum
1169 981 1383 1037 habere
1430 991 1829 1053 consueverat,
1880 980 2137 1057 sumpsit.
2180 982 2222 1038 5

395 1073 574 1132 XIII.
662 1074 765 1133 Sic
792 1075 876 1133 vir
905 1074 1247 1134 fortissimus
1274 1074 1472 1132 multis
1499 1074 1780 1148 variisque
1803 1076 2143 1149 perfunctus

316 1167 609 1226 laboribus
638 1187 791 1227 anno
820 1168 1104 1244 acquievit
1130 1168 1577 1245 septuagesimo.
1656 1167 1893 1229 Quibus
1919 1167 2144 1225 Consu-

317 1263 467 1321 libus
522 1261 822 1334 interierit,
877 1283 992 1321 non
1048 1263 1337 1321 convenit.
1419 1261 1574 1319 Nam
1629 1261 1885 1332 AtticuS,
1939 1260 2145 1320 Marco

323 1355 571 1415 Claudio
600 1355 901 1429 Marcelle,
929 1357 1010 1419 Q.
1041 1357 1226 1415 Fabio
1254 1357 1528 1415 Labeone
1558 1356 1722 1414 Coss,
1752 1367 2040 1415 mortuum
2081 1355 2140 1413 in

324 1450 523 1509 annali
550 1469 657 1509 suo
683 1451 962 1527 scriptum
1003 1451 1247 1526 reliquit.
1333 1452 1415 1509 At
1465 1449 1759 1526 Polybius,
1790 1449 1857 1507 L.
1902 1450 2142 1509 AEmilio
2186 1452 2261 1511 10

320 1546 523 1617 Paule,
567 1556 627 1603 et
674 1545 786 1603 Cn.
832 1546 1030 1605 Baebio
1077 1545 1428 1621 Tamphilo:
1473 1545 1768 1622 Sulpicius
1816 1557 2030 1619 autem,
2074 1545 2138 1604 P.

321 1640 596 1702 Cornelio
649 1640 932 1717 Cethego,
988 1640 1072 1698 M.
1129 1640 1327 1699 Baebio
1380 1640 1711 1716 Tamphilo.
1795 1642 1989 1717 Atque
2043 1642 2141 1699 hic

319 1748 515 1797 tantus
543 1737 626 1797 vir
657 1736 943 1811 tantisque
989 1735 1155 1793 bellis
1196 1734 1493 1794 districtus
1546 1736 1812 1794 nonnihil
1867 1736 2141 1814 temporis

320 1831 520 1891 tribuit
545 1830 766 1891 litteris.
850 1829 910 1891 N
914 1848 1118 1904 amque
1146 1828 1362 1903 aliquot
1409 1829 1536 1904 ejus
1577 1829 1711 1889 libri
1753 1844 1890 1890 sunt
1935 1832 2143 1890 Graeco

320 1945 587 1985 sermone
635 1924 904 1988 consecti.
986 1923 1059 1980 In
1101 1922 1192 1980 his
1240 1924 1313 1981 ad
1362 1923 1629 1983 Rhodios
1671 1926 1744 1983 de
1774 1925 1885 1983 Cn.
1931 1924 2140 1983 Manlii
2184 1926 2258 1983 15

320 2020 600 2081 Vulsonis
627 2020 689 2078 in
716 2019 864 2078 Asia
891 2019 1063 2077 rebus
1088 2018 1284 2095 gestis.
1370 2019 1564 2096 Hujus
1590 2020 1743 2078 bella
1767 2030 1933 2096 gesta
1974 2018 2142 2076 multi

319 2115 611 2176 memoriae
656 2113 1069 2192 prodiderunt:
1114 2115 1217 2172 sed
1264 2133 1340 2172 ex
1387 2114 1479 2172 his
1526 2115 1662 2189 duo,
1690 2114 1952 2191 quicum
1979 2133 2050 2172 eo
2079 2113 2138 2171 in

313 2211 527 2274 ,castris
599 2211 851 2283 suerunt,
905 2209 1187 2285 simulque
1244 2209 1531 2284 vixerunt,
1585 2208 1859 2286 quamdiu
1914 2210 2143 2269 fortuna

319 2325 492 2382 passa
531 2316 641 2377 est,
697 2304 951 2377 Silenus,
998 2315 1056 2362 et
1102 2303 1324 2363 Sosilus
1368 2303 1863 2362 Lacedaemonius.
1947 2304 2142 2378 Atque

321 2401 433 2459 hoc
462 2398 652 2458 Sosilo
678 2397 976 2456 Hannibal
1004 2396 1324 2456 litterarum
1351 2397 1688 2456 Graecarum
1729 2417 1868 2457 usus
1893 2409 1981 2456 est
2008 2398 2144 2457 doc-
2179 2397 2261 2457 20

320 2507 461 2556 tore.
547 2493 666 2551 Sed
693 2511 852 2551 nunc
879 2504 1106 2568 tempus
1132 2501 1222 2551 est
1248 2491 1422 2568 hujus
1448 2491 1580 2549 libri
1617 2492 1809 2549 facere
1857 2490 2059 2564 finem,
2082 2503 2142 2549 et

226 2639 229 2642 ,
321 2589 723 2649 Romanorum
751 2587 1040 2663 explicare
1069 2586 1464 2663 imperatores,
1491 2585 1605 2661 quo
1649 2582 1877 2646 facilius
1919 2584 2143 2644 collatis

321 2696 692 2760 utrorumque
722 2682 912 2756 factiS,
958 2681 1059 2758 qui
1105 2680 1214 2740 viri
1259 2679 1606 2757 praeferendi
1653 2679 1788 2753 sint,
1831 2678 2010 2757 possit
2053 2679 2143 2758 ju-

322 2778 525 2838 dicari.

919 3140 1153 3204 XXIV.
1238 3138 1569 3197 CATO.

405 3339 455 3398 1.
537 3336 707 3408 Cato,
754 3342 915 3392 ortus
962 3328 1282 3406 municipio
1335 3326 1619 3400 Tusculo,
1666 3325 2149 3401 adolescentulus,
2187 3327 2269 3387 25

325 3434 660 3514 priusquam
687 3426 1003 3492 honoribus
1029 3443 1262 3502 operam
1290 3423 1475 3496 daret,
1524 3432 1781 3480 versatus
1807 3433 1895 3481 est
1942 3420 2005 3478 in
2050 3422 2154 3480 Sa-

327 3529 504 3602 binis,
556 3522 711 3602 quo'd
768 3521 848 3580 ibi
902 3518 1203 3579 heredium
1258 3536 1293 3575 a
1345 3528 1509 3595 patre
1563 3516 1829 3575 relictum
1881 3517 2151 3575 habebat.

331 3622 581 3683 Hortatu
609 3616 688 3698 L.
705 3613 928 3676 Valerii
953 3613 1177 3687 Flacci,
1192 3631 1366 3688 quem
1389 3611 1448 3669 in
1471 3612 1774 3671 consulatu
1794 3611 2154 3687 censuraque
