2619 4349
814 1146 864 1206 1.
969 1145 1637 1207 MILTIADES.

342 1738 345 1743 ι
397 1705 447 1763 Ῑ.
530 1703 852 1778 Μίιίαᾱεε,
880 1703 1339 1780 C'imouisfilius,
1363 1702 1750 1760 Atheniensis.
1831 1702 2037 1764 Quum
2070 1714 2131 1763 et

319 1800 658 1876 antiquitate
687 1799 939 1876 generis,
961 1811 1022 1858 et
1048 1799 1231 1876 gloria
1258 1799 1563 1876 majorum,
1592 1810 1652 1856 et
1688 1798 1795 1855 sus
1823 1799 2126 1872 modestis,

318 1916 471 1955 unus
522 1895 783 1955 omnium
836 1894 1088 1952 maxime
1159 1894 1407 1969 floreret,
1474 1895 1659 1970 enque
1721 1905 1875 1953 esset
1939 1907 2126 1968 aetate,

319 2005 384 2050 ut
419 1993 540 2069 jam
585 2011 704 2050 non
759 1989 945 2050 solum
999 1992 1072 2048 de
1125 2010 1196 2048 eo
1250 1988 1401 2048 bene
1477 2009 1726 2066 sperare,
1798 1990 1900 2046 sed
1953 1988 2144 2048 etiam

319 2087 610 2153 confidere
633 2087 790 2144 cives
815 2097 1051 2162 possent
1078 2084 1188 2158 sui,
1216 2085 1390 2144 talem
1414 2086 1691 2159 futurum,
1727 2085 1955 2160 qualem
1998 2105 2131 2162 cog·
2169 2086 2210 2143 5

320 2185 503 2244 nitum
527 2183 898 2261 jmiczirunt3
943 2182 1178 2255 accidit,
1201 2193 1267 2241 ut
1283 2182 1679 2241 Athenienses
1699 2182 2128 2239 Chersonesum

319 2282 553 2339 colonos
574 2280 788 2337 vellent
824 2278 1070 2337 mittere.
1154 2278 1340 2354 Cujus
1388 2278 1619 2355 generis
1659 2295 1836 2353 quum
1883 2297 2130 2354 magnus

317 2394 594 2434 numerus
621 2384 792 2446 esset,
821 2385 881 2432 et
907 2373 1074 2432 multi
1101 2373 1229 2450 ejus
1245 2373 1682 2450 demigrationis
1701 2384 1965 2449 peterent
1987 2374 2133 2432 soci-

317 2482 531 2529 etatem
555 2489 569 2540 ;
611 2488 686 2525 ex
713 2452 804 2525 hini
831 2467 1045 2526 delecti
1074 2467 1334 2545 Delphos
1360 2469 1741 2527 deliberatum
1784 2469 1946 2526 missi
1975 2485 2129 2543 sunt,

317 2566 417 2640 qui
446 2563 818 2623 consulerent
847 2562 1202 2637 Apollinem,
1245 2582 1362 2637 quo
1402 2561 1766 2638 potissimum
1814 2565 1965 2620 duce
2008 2576 2131 2622 ute·
2176 2566 2251 2623 10

318 2670 534 2718 rentur.
618 2655 888 2733 Namque
915 2666 1038 2714 tum
1068 2656 1335 2750 Thraces
1375 2674 1476 2715 eas
1518 2658 1786 2733 regiones
1832 2660 2129 2733 tenebant,

319 2773 454 2811 cum
482 2752 693 2828 quibus
717 2751 892 2810 armis
913 2763 1038 2809 erat
1059 2752 1478 2810 dimicandum.
1564 2753 1676 2810 His
1693 2755 2131 2813 consulentibus

319 2848 660 2907 nominatim
689 2847 898 2930 Pythia
923 2848 1218 2925 praecepit,
1248 2860 1313 2907 ut
1342 2848 1668 2908 Miltiadem
1692 2849 1803 2907 sibi
1832 2851 2134 2928 imperato-

319 2964 440 3002 rem
470 2955 796 3013 sumerent3
840 2943 900 2999 id
928 2943 976 3000 si
1006 2943 1300 3017 fecissent,
1331 2943 1565 3021 incepta
1605 2965 1878 3022 prospera
1921 2947 2128 3003 futura.

319 3041 453 3098 Hoc
480 3038 700 3097 oraculi
728 3057 1003 3113 responso
1026 3036 1324 3096 Miltiades
1346 3059 1480 3095 cum
1499 3040 1727 3097 delecta
1750 3057 1927 3096 manu
1945 3041 2130 3098 classe
2176 3044 2251 3099 15

319 3136 750 3193 Chersonesum
776 3133 1089 3209 profectuS,
1118 3151 1296 3207 quum
1341 3134 1683 3193 accessisset
1725 3134 2034 3208 Lemnum,
2073 3146 2133 3195 et

319 3231 538 3289 incolas
566 3229 692 3305 ejus
719 3227 924 3286 insulae
953 3228 1060 3285 sub
1087 3238 1429 3304 potestatem
1458 3229 1722 3305 redigere
1753 3230 1922 3287 vellet
1951 3231 2134 3297 Athe-

318 3325 629 3397 niensium,
654 3324 826 3399 idque
848 3322 1079 3380 Lemnii
1097 3322 1202 3381 sufi
1224 3336 1427 3400 sponte
1450 3325 1727 3398 facerent,
1745 3324 2093 3400 postulasset
2115 3345 2130 3396 ;

318 3420 401 3478 illi
429 3419 735 3501 irridentes
763 3418 1202 3494 responderunt,
1242 3408 1377 3477 'tum
1421 3419 1480 3476 id
1525 3439 1587 3477 se
1636 3421 1908 3493 facturos,
1953 3439 2131 3495 quum

320 3503 414 3573 ille
443 3516 613 3572 domo
653 3513 900 3571 navibus
937 3513 1315 3589 proficiscens
1357 3526 1527 3573 vento
1572 3516 1839 3590 aquilone
1882 3515 2137 3574 venisset
2173 3515 2255 3573 20

326 3608 625 3668 Lemnum.
708 3608 829 3666 Hic
856 3608 1014 3666 enim
1055 3620 1280 3683 ventus,
1312 3628 1348 3667 a
1389 3609 1878 3686 septentrionibus
1919 3611 2132 3685 oriens,
