2619 4349
357 440 470 499 106
1189 446 1582 499 HANNIBAL.

470 605 586 664 imo
615 605 801 680 littore
832 616 998 663 erant
1026 607 1325 665 collocata.
1409 606 1678 681 Reliquae
1705 606 2082 682 Pergamenae
2122 625 2302 665 naves

467 720 644 776 quum
676 699 1031 758 adversarios
1066 712 1396 777 premerent
1425 698 1639 773 acrius,
1668 698 1907 776 repente
1938 700 1997 757 in
2027 719 2128 759 eas
2166 719 2304 759 vasa

469 795 690 866 fictilia,
739 795 811 851 de
860 794 1070 869 quibus
1125 793 1299 870 supra
1354 795 1708 853 mentionem
1765 794 2029 867 fecimuS,
2084 793 2301 870 conjici

472 900 663 964 coepta
693 900 843 948 sunt.
926 889 1082 950 Quae
1107 890 1266 965 jacta
1298 889 1466 947 initio
1492 889 1669 947 risum
1711 889 2106 965 pugnantibus
2148 888 2304 946 exci-

390 984 430 1042 5
471 983 687 1057 tarunt,
718 1002 849 1056 nec,
878 1002 1054 1058 quare
1084 983 1143 1040 id
1170 983 1354 1056 fieret,
1384 995 1606 1059 poterat
1643 983 1906 1060 intelligi.
1989 983 2301 1060 Postquam

472 1089 666 1136 autem
706 1098 885 1136 naves
926 1079 1241 1154 completas
1283 1090 1709 1154 conspexerunt
1737 1077 2122 1154 serpentibuS,
2150 1078 2303 1137 novi

471 1193 531 1232 re
559 1173 865 1250 perterriti,
895 1193 1092 1248 quum,
1122 1173 1261 1248 quid
1299 1170 1662 1249 potissimum
1692 1168 1958 1246 vitarent,
1987 1192 2104 1231 non
2148 1173 2303 1230 vide·

469 1279 618 1341 rent,
673 1288 894 1345 puppes
948 1279 1298 1340 averterunt,
1342 1286 1517 1342 seque
1561 1269 1632 1325 ad
1675 1286 1781 1324 sua
1821 1280 2012 1326 castra
2066 1268 2304 1326 nautica

467 1364 803 1421 retulerunt.
890 1362 990 1419 Sic
1018 1361 1317 1419 Hannibal
1346 1363 1589 1420 consilio
1624 1381 1784 1420 arma
1810 1362 2302 1438 Pergamenorum

358 1457 430 1514 10
470 1457 791 1532 superavit:
835 1476 1022 1531 neque
1051 1466 1174 1513 tum
1203 1453 1411 1528 solum,
1442 1457 1543 1514 sed
1575 1455 1727 1532 saepe
1760 1454 1905 1514 alias
1936 1456 2302 1533 pedestribus

469 1551 650 1627 copiis
677 1551 801 1627 pari
827 1551 1136 1627 prudentia
1163 1551 1384 1627 pepulit
1413 1550 1786 1608 adversarios
2120 1563 2127 1567 ’

549 1644 694 1702 XII.
777 1645 931 1706 Quae
966 1646 1103 1701 dum
1147 1644 1206 1702 in
1238 1645 1386 1702 Asia
1427 1657 1731 1722 geruntur,
1775 1645 1991 1704 accidit
2030 1664 2192 1719 casu,
2236 1658 2301 1706 ut

468 1739 647 1816 legati
698 1740 913 1797 Prusiae
963 1740 1170 1798 Romae
1216 1741 1368 1816 apud
1413 1741 1480 1797 L.
1524 1740 1838 1801 Quintium
1881 1740 2301 1814 Flamininum,

469 1836 870 1908 Consularem,
906 1846 1224 1908 coenarent,
1257 1849 1426 1910 atque
1469 1834 1569 1907 ibi,
1600 1835 1673 1891 de
1716 1834 2053 1893 Hannibale
2095 1834 2304 1894 menti-

356 1931 429 1989 15
468 1949 579 1989 one
629 1930 801 2002 facta,
845 1950 919 1989 ex
961 1930 1050 1987 his
1098 1949 1250 1987 unus
1291 1929 1531 2003 diceret,
1573 1948 1709 1986 eum
1750 1928 1810 1985 in
1853 1929 2074 1987 Prusiae
2117 1949 2302 2006 regno

467 2045 613 2083 esse.
696 2023 768 2082 Id
789 2036 1017 2102 postero
1040 2023 1135 2081 die
1152 2023 1520 2082 Flamininus
1543 2022 1772 2081 senatui
1801 2024 2024 2082 detulit.
2094 2024 2306 2083 Patres

469 2118 802 2197 conscripti,
836 2119 955 2196 qui,
999 2118 1336 2177 Hannibale
1375 2118 1524 2193 vivo,
1554 2137 1852 2195 nunquam
1895 2139 1958 2178 se
1999 2119 2125 2178 sine
2166 2119 2305 2178 insi-

469 2219 583 2275 diis
611 2220 831 2276 futuros
859 2215 1288 2289 existimabant,
1308 2217 1531 2291 legatos
1554 2216 1614 2273 in
1633 2215 1970 2292 Bithyniam
1999 2215 2304 2291 miserunt,

470 2312 530 2371 in
555 2312 644 2370 his
661 2310 1076 2383 Flamininum,
1095 2310 1193 2387 qui
1217 2329 1251 2368 a
1267 2330 1404 2386 rege
1425 2322 1709 2387 peterent,
1734 2330 1808 2368 ne
1833 2310 2305 2369 inimicissimum

350 2407 430 2466 20
469 2426 638 2475 suum
694 2424 892 2463 secum
948 2405 1208 2478 haberet,
1250 2404 1474 2480 sibique
1530 2405 1787 2464 dederet.
1899 2405 2012 2462 His
2065 2406 2306 2465 Prusias

468 2521 683 2578 negare
726 2521 899 2559 ausus
941 2520 1058 2559 non
1100 2512 1187 2558 est
1210 2521 1225 2572 ;
1271 2499 1414 2557 illud
1455 2500 1764 2567 recusavit,
1807 2520 1884 2558 ne
1914 2500 1972 2557 id
2009 2519 2042 2558 a
2082 2520 2144 2558 se
2173 2501 2302 2559 fieri

466 2599 841 2675 postularent,
884 2598 1036 2673 quod
1080 2592 1355 2654 adversus
1392 2595 1488 2671 jus
1529 2594 1765 2672 hospitii
1806 2607 2001 2666 esset3
2071 2596 2201 2672 ipsi,
2246 2596 2297 2654 si

466 2704 720 2770 possent,
765 2692 1359 2767 comprehenderent3
1401 2691 1614 2763 locum,
1646 2691 1747 2748 ubi
1794 2701 1966 2763 esset,
1998 2690 2169 2749 facile
2215 2692 2304 2749 in-

467 2799 755 2862 venturos
839 2785 1137 2842 Hannibal
1167 2784 1322 2842 enim
1359 2805 1476 2843 uno
1503 2786 1632 2843 loco
1677 2805 1739 2843 se
1788 2786 2024 2844 tenebat
2071 2786 2131 2843 in
2177 2806 2305 2845 cas-

348 2881 429 2939 25
469 2881 625 2952 tello,
668 2881 819 2955 quod
861 2880 915 2937 ei
959 2880 1032 2935 ab
1073 2899 1210 2955 rege
1253 2881 1452 2938 datum
1494 2893 1617 2938 erat
1659 2880 1922 2938 muneri:
1994 2880 2166 2957 idque
2217 2883 2304 2943 sic.

469 2975 802 3048 aedificarat,
838 2986 901 3033 ut
944 2974 1003 3033 in
1044 2975 1314 3032 omnibus
1353 2974 1612 3051 partibus
1653 2975 1886 3036 aedificii
1927 2975 2147 3035 exitum
2189 2977 2303 3035 sibi

468 3072 725 3144 haberet,
768 3090 993 3147 semper
1035 3089 1259 3143 verenS,
1302 3090 1377 3127 ne
1421 3090 1528 3132 usu
1574 3070 1814 3144 veniret,
1857 3072 2010 3145 quod
2064 3073 2298 3132 accidit.

468 3166 606 3225 Huc
634 3185 810 3241 quum
838 3164 1016 3240 legati
1048 3165 1451 3226 Romanorum
1481 3164 1798 3237 venissent,
1829 3184 1899 3236 ac
1927 3165 2301 3225 multitudine

466 3261 699 3318 domum
738 3260 864 3335 ejus
892 3259 1434 3331 circumdedissent,
1463 3279 1605 3335 puer
1636 3260 1708 3316 ab
1731 3259 1912 3335 janua
1938 3259 2301 3336 prospiciens

348 3358 428 3415 30
469 3354 792 3416 Hannibaii
835 3354 999 3426 dixit,
1029 3354 1223 3429 plures
1264 3365 1470 3429 praeter
1514 3354 1996 3415 consuetudinem
2049 3367 2302 3414 armatos

470 3469 761 3527 apparere.
842 3450 970 3511 Qui
1025 3449 1325 3526 imperavit
1379 3449 1454 3523 ei,
1497 3461 1559 3507 ut
1612 3469 1815 3507 omnes
1864 3437 2021 3508 ‘sores
2066 3450 2301 3509 aedificii

466 3545 821 3618 circumiret,
875 3564 941 3601 ac
997 3543 1236 3620 propere
1292 3543 1405 3601 sibi
1459 3544 1838 3618 renuntiaret,
1895 3564 2037 3602 num
2091 3546 2302 3605 eodem

467 3637 640 3706 modo
668 3641 925 3721 undique
954 3638 1331 3702 obsideretur,
1414 3639 1566 3701 Puer
1619 3659 1795 3719 quum
1845 3639 2130 3713 celeriter,
2159 3640 2300 3719 quid
