2619 4349
367 407 446 463 50
1208 417 1591 468 CHABRIAS.

487 586 576 633 est
604 595 796 648 ausus,
826 596 1073 652 suosque
1097 576 1218 652 jam
1242 576 1604 634 incurrentes
1625 577 1763 635 tuba
1785 578 2090 637 revocavit.
2176 579 2314 639 Hoc

485 689 665 744 usque
693 667 764 727 eb
793 671 914 728 tota
942 670 1173 728 Graecia
1202 671 1357 728 fama
1385 671 1740 730 celebratum
1779 682 1885 745 est,
1915 684 1979 732 ut
2022 672 2120 732 illo
2157 686 2312 733 statu

486 763 771 822 Chabrias
799 765 911 822 sibi
938 777 1187 824 statuam
1217 764 1343 823 fieri
1387 764 1649 838 voluerit,
1678 785 1804 841 quae
1852 766 2086 843 publice
2132 769 2188 826 ei
2237 771 2313 828 ab

488 859 947 917 Atheniensibus
989 859 1049 917 in
1102 862 1223 919 soro
1265 860 1580 918 constituta
1606 872 1710 919 est.
1795 861 1888 919 Ex
1930 881 2042 937 quo
2091 864 2312 922 factum

403 955 445 1010 5
485 965 592 1026 est,
621 966 685 1013 ut
711 967 912 1032 postea
939 956 1167 1014 athletae
1205 955 1515 1030 caeterique
1557 955 1808 1014 artifices
1836 956 1926 1015 his
1959 958 2203 1016 statibus
2247 959 2311 1018 in

485 1050 689 1107 statuis
731 1050 1016 1126 ponendis
1064 1062 1384 1124 uterentur,
1430 1049 1492 1107 in
1533 1050 1743 1125 quibus
1785 1051 2086 1110 victoriam
2114 1065 2312 1112 essent

487 1144 697 1220 adepti.
2129 1198 2134 1203 ,

563 1238 646 1296 II.
730 1239 1017 1297 Chabrias
1046 1253 1239 1299 autem
1267 1241 1449 1298 multa
1475 1240 1536 1298 in
1567 1239 1801 1317 Europa
1839 1241 1991 1299 bella
2037 1241 2313 1300 adminis-

485 1334 673 1407 travit,
722 1354 899 1409 quum
947 1336 1065 1391 dux
1114 1335 1568 1394 Atheniensium
1596 1346 1782 1406 esset;
1827 1336 1888 1393 in
1918 1337 2172 1414 AEgypto
2201 1338 2310 1395 suti

373 1429 445 1485 10
487 1441 688 1504 sponte
743 1429 938 1504 gessit.
1044 1429 1200 1486 Nam
1248 1428 1623 1488 Nectanabin
1681 1430 1940 1506 adjutum
1994 1433 2308 1507 prosectuS,

487 1542 731 1598 regnum
761 1523 814 1580 ei
861 1523 1177 1583 constituit.
1261 1522 1431 1582 Fecit
1479 1523 1633 1581 idem
1677 1525 1877 1601 Cypri,
1922 1526 2024 1583 sed
2071 1526 2310 1602 publice·

488 1619 559 1674 ab
589 1617 1049 1675 Atheniensibus
1076 1618 1357 1694 Evagorae
1387 1619 1612 1694 adjutor
1640 1620 1827 1677 datus.
1908 1619 2116 1695 Neque
2149 1620 2311 1696 prius

489 1713 622 1769 inde
652 1713 938 1786 discessit,
983 1710 1155 1788 quam
1210 1726 1389 1772 totam
1440 1714 1687 1771 insulam
1743 1713 1893 1772 bello
1936 1715 2309 1773 devinceret:

486 1808 598 1882 qua
634 1829 707 1867 ex
749 1829 811 1868 re
848 1808 1239 1867 Athenienses
1292 1828 1564 1885 magnam
1620 1809 1865 1884 gloriam
1912 1821 2047 1867 sunt
2097 1811 2308 1887 adepti.

376 1905 446 1960 15
488 1902 730 1961 Interim
761 1898 972 1960 bellum
1002 1903 1150 1961 inter
1180 1903 1485 1981 AEgyptios
1514 1915 1573 1961 et
1599 1903 1806 1961 Persas
1848 1903 2161 1962 conflatum
2198 1916 2307 1962 est.

490 1999 882 2058 Athenienses
912 2019 1045 2056 curn
1096 2000 1419 2059 Artaxerxe
1462 1998 1797 2058 societatem
1827 2000 2156 2071 habebant3
2199 2000 2312 2058 La-

487 2094 828 2153 oedaemonii
873 2114 1006 2179 cum
1062 2094 1388 2171 AEgyptiis:
1451 2113 1485 2151 a
1538 2095 1747 2170 quibus
1795 2115 2036 2171 magnas
2088 2096 2313 2172 praedas

486 2191 818 2266 Agesilai'iS,
847 2210 949 2248 rex
992 2208 1211 2263 eorum,
1258 2190 1525 2249 faciebat.
1611 2190 1682 2247 Id
1732 2190 1964 2248 intuens
2002 2192 2310 2265 ChabriaS,

487 2304 664 2360 quum
715 2285 775 2342 in
829 2304 891 2342 re
947 2285 1106 2343 nulla
1163 2284 1442 2361 Agesilao
1495 2285 1750 2358 cederet,
1806 2286 1912 2343 sua
1962 2299 2165 2362 sponte
2209 2307 2312 2345 eos

367 2382 448 2439 20
490 2381 749 2457 adjutum
777 2381 1068 2457 profectus
1098 2380 1390 2458 AEgyptiae
1434 2381 1606 2438 classi
1653 2381 1903 2457 praefuit,
1947 2384 2311 2459 pedestribus

490 2475 674 2552 copiis
713 2475 1045 2551 Agesilaiis.

566 2570 683 2628 III.
767 2569 925 2627 Tum
967 2568 1226 2647 praefecti
1270 2569 1461 2647 Regis
1504 2570 1717 2628 Persiae
1761 2570 1982 2647 legatos
2029 2572 2311 2630 miserunt

489 2665 756 2722 Athenas
783 2677 1070 2740 questum,
1098 2661 1253 2739 qued
1282 2664 1572 2723 Chabrias
1601 2663 1904 2723 adversum
1933 2665 2164 2741 Regem
2193 2667 2311 2722 bel-

488 2758 607 2815 lum
635 2770 863 2833 gereret
889 2778 1024 2816 cum
1053 2758 1363 2835 AEgyptiis.
1447 2758 1842 2817 Athenienses
1891 2759 2046 2817 diem
2091 2773 2310 2819 certam

368 2853 450 2911 25
490 2852 760 2910 Chabriae
788 2854 1235 2930 praestituerunt,
1264 2873 1436 2929 quam
1467 2865 1600 2912 ante
1629 2855 1865 2912 domum
1894 2853 2007 2911 nisi
2045 2855 2310 2928 redisset,

490 2947 698 3025 capitis
751 2968 814 3007 se
872 2948 1035 3007 illum
1089 2950 1464 3007 damnaturos
1506 2948 1953 3009 denuntiarunt..
2026 2943 2159 3006 Hoc
2213 2950 2312 3007 ille

489 3043 694 3102 nuntio
731 3045 998 3103 Athenas
1045 3044 1250 3115 rediit3
1292 3062 1481 3119 neque
1524 3042 1604 3099 ibi
1648 3042 1863 3100 diutius
1905 3054 1992 3100 est
2033 3055 2310 3116 moratuS,

488 3136 661 3215 quam
690 3138 797 3198 suit
823 3158 1082 3197 necesse.
1164 3138 1302 3196 Non
1332 3137 1489 3195 enirn
1516 3135 1764 3194 libenter
1790 3148 1913 3194 erat
1942 3150 2075 3208 ante
2110 3138 2312 3196 oculos

490 3233 705 3291 civium
732 3253 967 3293 suorum
989 3254 1004 3303 3
1045 3229 1307 3308 quodet
1360 3230 1588 3288 vivebat
1640 3227 1820 3303 laute,
1863 3241 1922 3288 et
1971 3231 2313 3308 indulgebat

370 3330 450 3387 30
490 3328 601 3387 sibi
628 3326 947 3401 liberaliuS,
975 3324 1149 3403 quam
1177 3336 1241 3383 ut
1279 3324 1557 3382 invidiam
1599 3324 1757 3401 vulgi
1798 3337 1992 3401 posset
2034 3328 2308 3404 effugere.

490 3424 599 3484 Est
651 3424 808 3481 enirn
861 3423 974 3480 hoc
1028 3438 1337 3477 commune
1385 3418 1588 3478 vitium
1636 3418 1697 3478 in
1745 3420 1974 3496 magnis
1999 3421 2311 3499 liberisque

491 3517 841 3588 civitatibuS,
889 3526 954 3574 ut
1006 3512 1224 3571 invidia
1265 3513 1461 3591 gloriae
1510 3533 1706 3572 comes
1753 3514 1848 3587 sit,
1877 3525 1937 3573 et
1962 3515 2208 3574 libenter
2236 3518 2312 3575 de

491 3612 581 3671 his
608 3612 936 3686 detrahant,
963 3630 1105 3681 quos
1133 3609 1390 3668 eminere
1417 3608 1652 3668 videant
1680 3607 1871 3683 altihs,
1901 3630 2089 3688 neque
2119 3610 2313 3671 animo
