2619 4349
368 469 483 527 124
965 475 1026 524 T.
1062 474 1476 523 POMPONIUS
1513 471 1840 521 ATTICUS.

482 655 617 695 cum
645 655 716 693 eo
744 635 812 692 L.
844 635 1185 692 Cornelium
1235 635 1504 706 Balbum,
1536 634 1893 708 Sextumque
1943 632 2317 690 Peducaeum.

484 731 613 789 Hos
660 743 724 789 ut
777 730 1004 788 venisse
1064 730 1225 799 vidit,
1283 730 1344 786 in
1400 730 1663 786 cubitum
1706 728 1941 786 innixus
1963 749 1979 799 ς
2024 736 2319 804 quantam,

483 826 689 902 inquit,
720 845 913 882 curam
953 825 1424 900 diligentiamque
1468 825 1530 881 in
1573 823 1898 881 valetudine
1938 822 2061 880 med
2106 819 2320 879 tuendd

482 922 584 979 ltoc
612 930 852 996 tempore
881 921 1255 991 adhibuerim,
1299 939 1469 996 quum
1511 938 1608 976 vos
1663 927 1829 976 testes
1873 919 2129 990 babeam,
2173 916 2327 974 nihil

403 1018 443 1074 5
483 1035 698 1074 necesse
726 1025 809 1073 est
823 1017 1093 1093 pluribus
1137 1015 1323 1072 verbis
1379 1034 1815 1071 commemorare.
1908 1014 2137 1081 Quibus
2187 1033 2322 1088 quo-

482 1113 659 1184 niam,
688 1120 753 1168 ut
780 1131 964 1188 spero,
1013 1108 1297 1186 satisfeci,
1340 1130 1421 1167 me
1469 1109 1621 1166 nihil
1657 1110 1867 1186 reliqui
1894 1107 2135 1185 fecisse,
2170 1106 2325 1183 quod

484 1207 567 1264 ad
614 1206 932 1263 sanandum
984 1226 1066 1263 me
1109 1206 1449 1282 pertineret,
1498 1205 1775 1278 reliquum
1830 1213 1933 1277 est,
1988 1212 2053 1260 ut
2108 1211 2322 1278 egomet

481 1303 622 1359 mibi
650 1303 953 1359 consulam.
1038 1301 1121 1357 Id
1140 1319 1236 1356 vos
1259 1301 1533 1374 ignorare
1560 1299 1737 1355 nolui.
1820 1298 1977 1355 Nam
2005 1299 2146 1354 mihi
2175 1306 2316 1370 stat,

484 1399 634 1454 alere
681 1397 928 1453 morbum
976 1396 1245 1452 desinere.
1331 1393 1601 1469 Namque
1649 1393 1740 1450 his
1788 1393 1983 1450 diebus
2039 1393 2327 1469 quidquid

374 1493 446 1551 10
487 1492 601 1549 cibi
616 1492 981 1567 potionisque
1009 1491 1246 1566 sumpsi,
1295 1490 1387 1545 ita
1418 1487 1676 1564 produxi
1713 1489 1913 1560 vitam,
1958 1496 2024 1544 ut
2067 1489 2322 1544 auxerim

485 1587 701 1644 dolores
730 1586 850 1643 sine
894 1605 990 1661 spe
1032 1585 1258 1641 salutis.
1351 1584 1553 1651 Quare
1598 1603 1637 1639 a
1679 1583 1836 1640 vobis
1869 1592 2008 1659 peto
2041 1581 2320 1660 primum,

484 1689 551 1737 ut
592 1680 889 1737 consilium
917 1679 1178 1755 probetis
1226 1698 1438 1735 meum.-
1481 1677 1700 1751 deinde,
1740 1698 1807 1735 ne
1836 1677 2082 1754 frustrd
2125 1678 2321 1736 debor-

485 1775 662 1833 tando
691 1776 981 1833 conemini.

551 1871 760 1928 XXII.
844 1870 980 1927 Hac
1020 1869 1280 1928 oratione
1337 1868 1535 1927 habita
1579 1868 1742 1927 tanta
1787 1869 2118 1927 constantia
2162 1869 2322 1928 vocis

371 1967 446 2024 15
485 1977 657 2042 atque
684 1966 893 2039 vultfiS,
937 1977 1001 2023 ut
1048 1984 1166 2023 non
1213 1983 1287 2022 ex
1315 1963 1453 2037 vita,
1488 1963 1591 2021 sed
1640 1983 1714 2021 ex
1757 1965 1930 2022 domo
1974 1963 2034 2022 in
2082 1964 2322 2022 domum

483 2062 774 2121 videretur
828 2062 1098 2139 migrare,
1154 2080 1332 2137 quum
1386 2060 1619 2136 quidem
1671 2060 1935 2137 Agrippa
1986 2079 2119 2118 eum
2173 2059 2323 2118 flens

487 2171 655 2236 atque
682 2158 953 2218 osculans
979 2168 1170 2217 oraret
1200 2168 1370 2233 atque
1412 2157 1765 2230 obsecraret,
1810 2176 1877 2215 ne
1921 2155 2005 2214 ad
2041 2155 2125 2229 id,
2171 2155 2329 2232 quod

484 2251 702 2311 natura
749 2261 991 2328 cogeret,
1039 2254 1161 2330 ipse
1214 2272 1431 2330 quoque
1479 2253 1825 2311 acceleraret
1852 2273 1875 2317 ,·
1944 2260 2000 2309 et
2053 2253 2325 2330 quoniam

411 2427 416 2430 ,
485 2357 602 2406 tum
645 2368 862 2425 quoque
892 2356 1092 2425 posset
1140 2348 1481 2424 temporibus
1529 2368 1836 2425 superesse,
1868 2367 1925 2406 se
1954 2347 2067 2405 sibi
2095 2348 2324 2424 suisque

366 2444 447 2502 20
485 2452 802 2502 reservaret
821 2466 842 2509 ‚·
883 2462 1088 2521 preces
1131 2443 1259 2519 ejus
1303 2442 1598 2501 taciturna
1641 2443 1747 2500 suti.
1794 2442 2181 2501 obstinatione
2226 2443 2326 2500 de·

484 2539 709 2616 pressit.
796 2539 897 2598 Sic
920 2558 1098 2614 quum
1127 2538 1369 2595 biduum
1399 2538 1532 2595 cibo
1580 2557 1641 2595 se
1689 2537 2081 2609 abstinuisset,
2127 2534 2322 2597 subit&

485 2635 662 2717 febris
712 2635 982 2707 decessit,
1012 2633 1302 2709 leviorque
1347 2634 1581 2691 morbus
1634 2653 1761 2691 esse
1810 2633 2004 2710 coepit.
2088 2632 2323 2691 Tamen

482 2729 837 2805 propositum
891 2728 1074 2786 nihilo
1128 2726 1322 2785 secius
1376 2728 1618 2805 peregit.
1719 2728 1924 2804 Itaque
1973 2728 2068 2786 die
2118 2729 2325 2803 quinto

482 2822 614 2899 post
641 2821 814 2898 quam
842 2824 900 2880 id
931 2823 1237 2880 consilium
1268 2823 1494 2897 inierat,
1524 2823 1709 2899 pridie
1750 2823 2050 2882 Kalendas
2079 2824 2323 2900 Aprilis,

365 2919 448 2975 25
487 2917 598 2975 Cn.
630 2909 906 2989 Domitio,
957 2918 1025 2975 C.
1070 2917 1237 2976 Sosio
1286 2918 1476 2991 Coss,
1527 2919 1795 2977 decessit.
1877 2919 2082 2977 Elatus
2127 2932 2217 2978 est
2261 2921 2321 2979 in

479 3011 791 3082 ‘lecticula3
835 3024 899 3070 ut
927 3012 1048 3088 ipse
1078 3013 1525 3089 praescripserat,
1557 3013 1682 3070 sine
1706 3014 1823 3069 ulla
1845 3015 2054 3090 pompa
2078 3015 2313 3090 funeriS,

486 3107 897 3165 comitantibus
926 3108 1194 3165 omnibus
1236 3108 1424 3181 bonis,
1474 3108 1727 3165 maxima
1771 3108 1926 3184 vulgi
1978 3111 2317 3186 frequentia.

487 3202 761 3277 Sepultus
790 3213 876 3259 est
899 3202 1064 3277 juxta
1093 3202 1241 3258 viam
1293 3202 1568 3278 Appiam,
1620 3204 1691 3260 ad
1736 3204 2002 3277 quintum
2048 3205 2322 3283 lapidem,

487 3296 546 3352 in
576 3310 952 3357 monumento
978 3297 1194 3359 Quinti
1224 3298 1470 3371 Caecilii,
1503 3299 1775 3356 avunculi
1804 3299 1913 3357 sui.
