2619 4349
342 392 423 452 22
1247 399 1488 450 CIMON
1498 435 1511 448 .

463 561 589 638 ejus
616 562 777 620 litem
806 560 1146 620 aestimatam
1173 559 1385 636 populo
1428 559 1648 617 solvere
1700 576 1818 615 non
1865 554 2167 633 potuisset,
2210 555 2289 615 ob

459 677 702 733 eamque
731 675 969 714 causam
994 656 1053 714 in
1083 653 1334 713 vinculis
1358 653 1609 730 publicis
1657 652 2025 726 decessisset,
2073 651 2287 710 Cimon

459 753 666 810 eadem
690 752 955 811 custodiri
984 751 1311 824 tenebatur,
1356 769 1546 826 neque
1589 748 1818 826 legibus
1834 746 2287 806 Atheniensium

460 847 647 906 emitti
673 858 915 924 poterat,
945 845 1058 904 nisi
1086 845 1420 923 pecuniam,
1447 845 1561 921 qua
1588 856 1752 921 pater
1797 844 2071 903 multatus
2114 854 2287 916 esset,

381 942 423 1000 5
462 942 739 1001 solvisset.
824 938 1098 1000 Habebat
1125 952 1318 999 autem
1349 939 1409 998 in
1456 938 1823 999 matrimonio
1864 957 2117 998 sororem
2164 956 2291 1014 ger·

462 1054 695 1093 manam
743 1053 929 1106 suam,
983 1035 1219 1093 nomine
1275 1034 1608 1111 Elpinicen,
1664 1053 1783 1092 non
1836 1033 2024 1110 magis
2073 1052 2288 1107 amore,

463 1129 636 1206 quam
664 1149 821 1189 more
851 1130 1077 1187 ductus.
1162 1129 1319 1187 Nam
1369 1128 1829 1187 Atheniensibus
1874 1129 2033 1202 licet,
2079 1129 2288 1189 eodem

462 1236 626 1300 patre
667 1236 855 1296 nataS,
909 1242 1119 1282 uxores
1172 1225 1406 1282 ducere.
1490 1222 1686 1301 Hujus
1739 1223 1999 1300 conjugii
2042 1222 2290 1300 cupidus

466 1318 684 1376 Callias
711 1317 966 1394 quidam,
1010 1337 1128 1376 non
1176 1330 1294 1377 tam
1338 1338 1654 1396 generosus
1696 1318 1872 1395 quam
1915 1319 2288 1394 pecuniosus,

353 1412 426 1470 10
465 1412 562 1489 qui
589 1431 832 1489 magnas
858 1413 1139 1489 pecunias
1167 1433 1241 1471 ex
1279 1414 1527 1472 metallis
1572 1414 1809 1487 fecerat,
1851 1413 1972 1490 egit
2019 1432 2154 1472 cum
2192 1414 2291 1472 Ci-

466 1527 657 1580 mone,
687 1519 751 1565 ut
778 1527 906 1565 eam
937 1508 1046 1565 sibi
1086 1528 1325 1567 uxorem
1353 1510 1533 1568 daret.
1618 1509 1689 1567 Id
1734 1508 1783 1567 si
1812 1508 2197 1586 impetrasset,
2226 1528 2290 1568 se

465 1624 569 1680 pro
597 1603 694 1662 illo
719 1604 1030 1679 pecuniam
1059 1605 1399 1663 soluturum.
1483 1605 1544 1662 Is
1570 1624 1748 1681 quum
1787 1605 1964 1663 talem
2009 1603 2292 1664 conditio-

467 1717 602 1756 nem
633 1711 1053 1774 aspernaretur,
1083 1698 1353 1775 Elpinice
1371 1699 1624 1776 negavit,
1649 1718 1711 1757 se
1727 1717 2048 1774 passuram,
2073 1697 2292 1757 Miltia·

468 1793 558 1852 dis
610 1794 945 1870 progeniem
1001 1794 1060 1851 in
1115 1794 1364 1852 vinculis
1415 1793 1666 1870 publicis
1720 1792 1975 1865 interire,
2019 1793 2289 1868 quoniam

355 1890 428 1947 15
467 1887 770 1965 prohibere
817 1901 1028 1966 posset,
1073 1909 1247 1967 seque
1301 1889 1504 1947 Calliae
1553 1900 1883 1965 nupturam,
1932 1887 1983 1945 si
2030 1907 2121 1961 ea,
2164 1907 2291 1965 quae

466 1985 853 2063 polliceretur,
881 1984 1257 2060 praestitisset.

547 2081 631 2138 ΙΙ.
714 2080 853 2137 Tali
881 2081 1053 2139 modo
1081 2081 1348 2139 custodia
1375 2080 1652 2139 liberatus
1680 2079 1895 2137 Cimon
1924 2078 2190 2138 celeriter
2218 2079 2291 2138 ad

466 2174 853 2253 principatum
882 2176 1161 2251 pervenit.
1245 2176 1519 2235 Habebat
1544 2176 1703 2234 enim
1742 2171 1885 2233 satis
1926 2173 2292 2250 eloquentiae,

467 2290 752 2328 summam
780 2270 1204 2345 liberalitatem,
1232 2290 1505 2348 magnam
1534 2270 1901 2348 prudentiam
1943 2288 2122 2345 quum
2145 2270 2294 2347 juris

347 2365 429 2424 20
469 2365 676 2439 civilis,
718 2378 841 2425 tum
883 2365 968 2424 rei
1011 2366 1296 2439 militaris,
1340 2365 1494 2442 quod
1540 2386 1674 2424 cum
1722 2376 1884 2443 patre
1925 2384 1961 2421 a
2002 2384 2183 2441 puero
2232 2366 2291 2426 in

467 2461 818 2520 exercitibus
871 2463 1061 2520 fuerat
1113 2473 1389 2521 versatus
1474 2461 1678 2538 Itaque
1741 2462 1839 2520 hic
1899 2472 1958 2520 et
2017 2462 2292 2537 populum

467 2557 753 2615 urbanum
795 2557 856 2614 in
910 2556 1018 2615 sua
1065 2557 1253 2616 tenuit
1298 2569 1601 2634 potestate,
1657 2567 1717 2618 e't
1772 2560 1924 2637 apud
1973 2559 2294 2618 exercitum

465 2650 776 2726 plurimum
820 2652 998 2711 valuit
1047 2653 1406 2712 auctoritate.
1490 2652 1748 2712 Primum
1790 2654 2095 2731 imperator
2143 2653 2295 2730 apud

475 2744 689 2803 flumen
719 2747 1029 2821 Strymona
1055 2766 1298 2823 magnas
1327 2748 1523 2825 copias
1552 2748 1853 2806 Thracum
1880 2748 2118 2823 fugavit,
2137 2749 2297 2823 oppi-

349 2840 430 2900 25
469 2839 608 2897 dum
633 2840 1007 2918 Amphipolin
1057 2843 1377 2916 constituit,
1405 2842 1590 2918 eoque
1640 2844 1844 2900 decem
1885 2842 2067 2899 millia
2117 2843 2298 2901 Athe·

469 2932 758 2993 niensium
784 2935 844 2993 in
866 2936 1153 2995 coloniam
1177 2937 1351 2996 misit.
1435 2937 1602 2995 Idem
1620 2938 1823 2996 iterum
1846 2937 1997 3012 apud
2021 2934 2296 3011 Mycalen

470 3030 814 3107 Cypriorum
850 3043 911 3091 et
952 3033 1299 3091 Phoenicum
1343 3035 1726 3091 ducentarum
1769 3032 2003 3089 navium
2049 3032 2296 3090 classem

468 3117 754 3185 devictam
803 3126 974 3203 cepit.
1059 3127 1396 3202 Eodemque
1445 3127 1539 3184 die
1587 3126 1711 3201 pari
1760 3126 1989 3184 fortuna
2040 3126 2098 3182 in
2144 3126 2297 3183 terra

470 3238 611 3277 usus
639 3233 745 3279 est.
829 3222 1097 3298 Namque
1141 3222 1391 3281 hostium
1441 3220 1685 3278 navibus
1732 3220 1937 3296 captis,
1984 3219 2178 3279 statim
2223 3239 2297 3277 ex

351 3314 432 3372 30
472 3315 660 3374 classe
689 3317 885 3393 copias
914 3336 1047 3374 suas
1075 3316 1296 3387 eduxit,
1328 3314 1827 3389 Barbarorumque
1856 3335 1972 3374 uno
2006 3334 2297 3374 concursu

471 3410 782 3469 maximam
821 3411 934 3468 vim
987 3409 1307 3486 prostravit.
1390 3408 1533 3470 Qua
1578 3407 1818 3467 victoria
1863 3410 2072 3487 magna
2103 3410 2298 3487 praedfi

477 3490 697 3581 potitus*
722 3525 899 3582 quum
928 3506 1161 3562 domum
1191 3515 1592 3577 reverteretur,
1641 3503 1797 3579 quod
1836 3507 1957 3583 jam
1983 3507 2297 3565 ,nonnullae

475 3602 679 3661 insulae
731 3611 962 3676 propter
1017 3600 1393 3659 acerbitatem
1448 3598 1671 3678 imperii
1732 3602 2088 3676 defecerant,
2145 3602 2296 3661 bene
