2619 4349
1021 388 1482 439 ALCIBIADES.
2207 378 2288 438 29

329 554 568 614 domum
597 553 670 612 ad
699 571 938 611 causam
965 550 1278 609 dicendam
1306 549 1544 624 rediret,
1573 559 1841 626 essetque
1870 547 1932 606 in
1954 548 2170 627 magna

328 671 432 728 spe
452 649 763 727 provinciae
796 649 947 707 bene
990 646 1504 718 administrandae;
1548 665 1668 704 non
1710 663 1913 722 parere
1962 643 2170 718 noluit,

329 759 390 807 et
416 746 479 804 in
506 745 762 820 trierem,
791 764 919 821 quae
951 744 1023 802 ad
1051 763 1189 803 eum
1216 743 1642 821 deportandum
1669 753 1794 801 erat
1842 741 2040 815 missa,
2084 760 2172 799 as·

330 841 550 902 cendit.
634 841 772 899 Hac
799 840 1058 902 Thurios
1082 840 1142 899 in
1161 839 1190 897 I
1195 839 1393 900 taliam
1410 850 1738 918 pervectus,
1761 840 1946 898 multa
1966 857 2169 896 secum

329 952 607 1019 reputans
634 939 709 997 de
738 937 1119 997 immoderata
1150 937 1368 996 civium
1396 956 1633 1007 suorum
1671 935 1935 1010 licentia,
1966 934 2170 993 crude-
2209 934 2250 992 5

294 1035 605 1112 „litateque
632 1053 773 1113 erga
799 1034 1045 1107 nobiles,
1090 1033 1463 1092 utilissimum
1506 1043 1686 1106 ratuS,
1733 1031 2170 1109 impendentem

326 1131 544 1191 evitare
585 1142 1010 1208 tempestatem,
1040 1131 1191 1188 clam
1221 1149 1284 1188 se
1315 1149 1350 1187 a
1377 1128 1719 1187 custodibus
1767 1126 2064 1201 subduxit,
2109 1137 2170 1185 et

328 1226 467 1285 inde
494 1224 747 1304 primum
776 1226 1029 1299 Elidem,
1058 1224 1273 1283 deinde
1311 1224 1556 1283 Thebas
1596 1224 1772 1284 venit.
1855 1224 2169 1301 Postquam

328 1327 534 1382 autem'
553 1342 616 1381 se
644 1322 854 1400 capitis
881 1322 1241 1395 damnatum,
1266 1320 1435 1379 bonis
1463 1319 1795 1398 publicatis,
1821 1318 2060 1393 audivit,
2090 1330 2168 1394 et,

329 1419 387 1477 id
415 1420 570 1496 quod
598 1438 710 1476 usu
751 1429 1010 1491 venerat,
1062 1416 1441 1494 Eumolpidas
1490 1417 1822 1476 sacerdotes
1872 1435 1905 1474 a
1952 1416 2164 1494 populo
2210 1417 2285 1474 10

326 1527 583 1589 coactOS,
615 1527 678 1574 ut
706 1535 768 1573 se
796 1515 1165 1585 devoverent,
1195 1512 1437 1590 ejusque
1466 1512 1810 1587 devotioni8‚
1840 1509 1955 1589 quo
1995 1524 2170 1572 testa-

327 1611 439 1670 tior
467 1623 619 1670 esset
648 1610 947 1685 memoria,
977 1610 1329 1687 exemplum,
1362 1609 1420 1667 in
1459 1609 1578 1686 pila
1618 1610 1850 1687 lapidea
1893 1609 2167 1683 incisum,

326 1727 456 1766 esse
509 1707 760 1784 positum
810 1707 871 1765 in
927 1706 1183 1784 publico,
1256 1706 1745 1764 Lacedaemonem
1800 1704 2165 1783 demigravit.
2233 1782 2239 1789 ο

330 1802 444 1878 Ibi,
467 1816 532 1863 ut
559 1805 683 1881 ipse
706 1803 1023 1882 praedicare
1052 1814 1456 1876 consueverat,
1501 1823 1619 1861 non
1671 1800 1947 1861 adversus
1994 1802 2170 1878 patri·

329 1919 444 1974 am,
473 1903 575 1960 sed
606 1901 873 1960 inimicos
901 1919 1036 1959 suos
1064 1900 1280 1958 bellum
1309 1899 1510 1976 gessit,
1540 1896 1695 1975 quod
1748 1898 1924 1956 iidem
1973 1899 2169 1957 hostes
2215 1899 2286 1956 15

327 2009 526 2057 essent
552 1997 791 2058 civitati.
876 1996 1034 2054 Nam
1063 2015 1241 2073 quum
1287 1994 1701 2071 intelligerent,
1747 2013 1809 2052 se
1851 1992 2167 2070 plurimum

327 2095 600 2170 prodesse
627 2114 798 2172 posse
825 2093 1182 2170 reipublicae,
1225 2111 1299 2149 ex
1347 2091 1420 2149 ea
1467 2089 1734 2168 ejecisse,
1783 2088 2028 2167 plusque
2068 2088 2166 2147 irae

328 2210 468 2265 suae,
507 2190 681 2268 quam
730 2190 964 2250 utilitati
1018 2188 1317 2249 communi
1368 2187 1648 2266 paruisse.
1733 2186 1939 2264 Itaque
1995 2186 2170 2263 hujus

290 2287 572 2346 ¹consilio
598 2287 1035 2346 Lacedaemonii
1083 2306 1219 2345 cum
1268 2286 1578 2344 Persarum
1628 2284 1799 2361 Rege
1850 2282 2166 2342 amicitiam

330 2382 627 2454 fecerunt;
671 2384 884 2441 deinde
914 2383 1218 2444 Deceliam
1242 2381 1302 2439 in
1334 2382 1538 2441 Attica
1588 2381 1944 2454 munierunt,
1974 2380 2168 2457 praesi-
2206 2380 2287 2439 20

327 2480 539 2555 dioque
566 2492 845 2556 perpetuo
874 2479 955 2537 ibi
981 2479 1170 2555 posito
1198 2478 1259 2536 in
1296 2478 1601 2536 obsidione
1646 2477 1917 2535 Athenas
1965 2488 2168 2535 tenue-

328 2586 501 2644 runt3
568 2575 832 2650 ejusdem
887 2574 1064 2650 opera
1120 2572 1352 2632 Ioniam
1407 2591 1442 2630 a
1495 2572 1773 2631 societate
1837 2584 2170 2632 averterunt

330 2668 825 2729 Atheniensium:
868 2689 982 2747 quo
1022 2671 1186 2728 *facto
1234 2668 1418 2728 multo
1463 2668 1788 2746 superiores
1838 2669 1991 2729 bello
2038 2687 2168 2728 esse

327 2777 650 2843 coeperunt.

407 2861 481 2920 V.
565 2860 775 2939 Neque
804 2861 937 2922 vero
968 2862 1059 2921 his
1087 2864 1262 2922 rebus
1309 2874 1429 2921 tam
1469 2862 1645 2921 amici
1688 2863 1987 2921 Alcibiadi
2031 2874 2169 2922 sunt
2206 2862 2287 2922 25

329 2958 489 3032 facti,
511 2955 688 3034 quam
714 2958 921 3018 timore
951 2959 1024 3017 ab
1052 2980 1123 3019 eo
1152 2959 1406 3018 alienati.
1492 2958 1650 3017 Nam
1678 2979 1855 3036 quum
1897 2959 2167 3019 acerrimi

330 3053 433 3112 viri
459 3065 831 3131 praestantem
877 3055 1246 3131 prudentiam
1290 3055 1350 3113 in
1388 3054 1660 3114 omnibus
1701 3056 1875 3113 rebus
1923 3075 2168 3133 cognos-

327 3162 549 3225 cerent,
576 3150 1021 3228 pertimuerunt,
1050 3171 1126 3209 ne
1155 3151 1397 3210 caritate
1425 3150 1626 3228 patriae
1657 3151 1866 3209 ductus
1910 3150 2167 3228 aliquan·

327 3246 404 3305 do
430 3247 504 3304 ab
533 3246 674 3323 ipsis
701 3246 1074 3321 descisceret,
1103 3260 1163 3307 et
1184 3267 1323 3307 cum
1360 3248 1481 3306 suis
1530 3246 1590 3305 in
1634 3247 1880 3326 gratiam
1929 3248 2161 3308 rediret.

330 3341 536 3419 Itaque
564 3355 794 3420 tempus
841 3343 969 3421 ejus
1018 3343 1409 3403 interficiendi
1457 3363 1716 3421 quaerere
1767 3344 2160 3404 instituerunt.
2203 3344 2283 3404 30

329 3438 400 3497 Id
432 3439 728 3499 Alcibiadi
772 3440 991 3500 diutius
1039 3441 1218 3500 celari
1272 3461 1391 3500 non
1439 3440 1664 3518 potuit3
1708 3452 1831 3500 erat
1885 3441 2043 3500 enim
2091 3442 2164 3499 ea

328 3535 668 3612 sagacitate,
692 3548 757 3596 ut
773 3536 966 3614 decipi
988 3556 1106 3596 non
1128 3550 1344 3614 posset,
1365 3536 1685 3614 praesertim
1706 3557 1884 3613 quum
1904 3537 2163 3596 animum

311 3614 673 3693 ‘attendisset
728 3634 802 3691 ad
856 3633 1201 3692 cavendum.
1284 3632 1492 3710 Itaque
1547 3634 1620 3691 ad
1676 3633 2160 3712 Tissaphernem,

727 3729 768 3788 3
789 3728 826 3766 c
