2619 4349
370 442 451 499 56
1212 447 1576 497 ΒΑΤΑΜΕΒ.

483 606 662 663 etiam
691 617 911 681 torque,
940 618 999 664 et
1028 607 1264 664 armillis
1294 607 1505 679 aureis,
1550 619 1875 680 caeteroque
1923 605 2085 683 regio
2114 607 2275 666 cultu
2299 627 2315 679 ;

486 702 609 778 ipse
640 702 851 777 agresti
880 701 1099 776 duplici
1129 702 1379 759 amiculo
1408 702 1823 774 circumdatuS,
1873 701 2137 777 hirtaque
2166 703 2320 760 tuni-

481 797 580 868 cii,
610 815 820 872 gerens
860 796 920 852 in
966 795 1153 871 capite
1198 796 1425 871 galeam
1474 795 1849 869 venatoriam,
1894 796 2095 853 dextra
2138 816 2318 854 manu
2391 794 2412 800 ’

487 891 732 963 clavam,
756 890 989 947 sinistra
1019 891 1306 965 copulam,
1337 891 1451 966 qua
1485 890 1740 948 vinctum
1790 902 1923 948 ante
1971 909 2032 947 se
2077 890 2318 966 Thyum

401 987 448 1042 5
488 985 718 1061 agebat,
764 996 828 1043 ut
871 983 920 1041 si
970 985 1147 1042 feram
1204 985 1448 1043 bestiam
1498 996 1727 1060 captam
1776 984 2033 1042 duceret.
2115 984 2319 1046 Quem

487 1099 666 1155 quum
726 1098 930 1137 omnes
983 1079 1381 1154 prospicerent
1433 1091 1664 1155 propter
1714 1080 2027 1137 novitatem
2078 1080 2319 1138 ornatfis

488 1174 859 1250 ignotamque
888 1174 1150 1245 sormam,
1179 1174 1253 1231 ob
1280 1193 1524 1249 eamque
1552 1193 1673 1231 rem
1703 1193 1950 1249 magnus
1988 1186 2140 1232 esset
2182 1194 2321 1232 con-

488 1288 693 1327 cursus
716 1289 731 1338 ;
775 1268 882 1326 fuit
909 1287 1025 1326 non
1056 1288 1246 1340 nemo,
1275 1268 1375 1343 qui
1405 1280 1747 1343 agnosceret
1764 1269 2023 1343 Thyum,
2046 1268 2319 1344 Regique

488 1364 800 1421 nuntiaret.
870 1361 1067 1419 Primo
1092 1382 1210 1419 non
1230 1363 1569 1421 accredidit.
1641 1362 1845 1438 Itaque
1871 1362 2319 1420 Pharnabazum

376 1460 449 1516 10
490 1458 648 1515 misit
698 1457 1077 1531 exploratum.
1180 1456 1235 1513 A
1291 1477 1405 1532 quo
1457 1468 1523 1514 ut
1575 1476 1699 1515 rem
1748 1469 1969 1532 gestam
2018 1457 2320 1532 comperit,

488 1553 682 1610 statim
713 1551 937 1608 admitti
974 1550 1166 1627 jussit,
1195 1570 1548 1627 magnopere
1576 1552 1902 1610 delectatus
1939 1571 2115 1627 quum
2147 1553 2321 1624 fact0,

484 1660 610 1705 tum
639 1656 885 1714 ornatu3
930 1644 1212 1720 imprimis
1255 1645 1411 1720 quod
1462 1645 1673 1703 nobilis
1721 1665 1824 1703 rex
1874 1645 1935 1702 in
1977 1655 2320 1721 potestatem

492 1739 816 1817 inopinanti
847 1750 1098 1796 venerat.
1184 1738 1391 1814 Itaque
1433 1737 1747 1815 magnifice
1792 1739 2102 1797 Datamem
2145 1740 2323 1796 dona-

490 1847 610 1892 tum
656 1835 728 1891 ad
776 1832 1096 1890 exercitum
1142 1832 1319 1905 misit,
1368 1833 1467 1908 qui
1510 1845 1633 1891 tum
1648 1832 2127 1923 ,contrahebatur
2171 1833 2324 1889 duce

380 1933 452 1987 15
493 1929 875 1986 Pharnabazo
903 1939 960 1985 et
989 1926 1331 1984 Tithrauste
1362 1927 1435 1983 ad
1457 1927 1674 1984 bellum
1700 1926 2062 2002 AEgyptium,
2084 1926 2325 2002 parique

489 2043 644 2096 eum,
676 2035 844 2097 atque
875 2021 1022 2093 illos,
1052 2020 1293 2096 imperio
1321 2041 1448 2079 esse
1478 2021 1664 2095 jussit.
1749 2020 1958 2078 Postea
1986 2019 2120 2077 vero
2149 2017 2324 2094 quam

492 2117 940 2176 Pharnabazum
970 2115 1106 2171 Rex
1135 2115 1445 2188 revocavit,
1476 2115 1560 2172 illi
1588 2134 1813 2172 summa
1852 2113 2078 2191 imperii
2115 2113 2328 2172 tradita

492 2224 597 2269 est.

571 2304 678 2361 IV.
758 2303 882 2361 Hic
911 2323 1088 2379 quum
1110 2296 1363 2361 maximo
1386 2304 1580 2363 studio
1598 2316 1961 2381 compararet
1984 2303 2325 2375 exercitum,

371 2401 467 2468 207
495 2399 926 2475 AEgyptumque
953 2398 1243 2475 proficisci
1286 2411 1536 2474 pararet,
1582 2398 1773 2458 subito
1823 2420 1857 2458 a
1903 2400 2075 2476 Rege
2122 2399 2327 2457 litterae

495 2504 630 2551 sunt
654 2492 713 2550 ei
740 2492 952 2565 missae,
981 2503 1046 2550 ut
1093 2492 1301 2568 Aspim
1354 2495 1787 2569 aggrederetur,
1834 2495 1935 2570 qui
1984 2493 2329 2552 Cataoniam

493 2589 757 2646 tenebat:
800 2606 928 2662 quae
958 2606 1103 2662 gens
1126 2586 1287 2662 jacet
1325 2608 1499 2664 supra
1543 2589 1836 2662 Ciliciam,
1882 2587 2130 2646 confinis
2179 2587 2330 2662 Cap-

491 2681 767 2757 padociae.
852 2680 1122 2756 Namque
1180 2682 1379 2758 Aspis,
1426 2685 1739 2742 saltuosam
1779 2683 2082 2759 regionem
2126 2682 2332 2739 castel·

492 2775 677 2850 lisque
705 2775 988 2836 munitam
1020 2776 1304 2848 incolens,
1330 2797 1448 2834 non
1478 2776 1662 2834 solum
1695 2776 1935 2851 imperio
1978 2776 2167 2851 Regis
2209 2795 2330 2833 non

374 2871 455 2928 25
493 2871 749 2946 parebat,
779 2870 880 2926 sed
910 2870 1085 2927 etiam
1131 2869 1407 2927 finitimas
1451 2870 1719 2946 regiones
1767 2868 2034 2940 vexabat,
2079 2881 2158 2942 et,
2202 2887 2332 2945 quae

494 2964 652 3041 Regi
704 2974 1089 3039 portarentur,
1155 2963 1493 3038 abripiebat.
1605 2961 1904 3034 Datames,
1975 2961 2085 3018 etsi
2154 2960 2331 3038 longe

495 3060 692 3117 aberat
721 3059 793 3115 ab
820 3059 910 3115 his
938 3057 1293 3133 regionibus,
1324 3068 1381 3114 et
1422 3076 1454 3113 a
1491 3056 1708 3133 majore
1756 3076 1819 3113 re
1868 3055 2333 3127 abstrahebatur,

494 3166 692 3212 tamen
711 3151 898 3227 Regis
922 3150 1201 3209 voluntati
1223 3170 1441 3208 morem
1462 3150 1780 3226 gerendum
1803 3149 2041 3225 putavit.
2126 3148 2333 3225 Itaque

495 3265 629 3304 cum
652 3245 876 3321 pauciS,
909 3244 1011 3301 sed
1042 3244 1178 3300 viris
1202 3244 1465 3316 fortibuS,
1509 3263 1714 3301 navem
1760 3244 2140 3303 conscendit:
2183 3244 2333 3302 exis·

373 3341 456 3399 30
496 3340 707 3399 timaus
737 3335 824 3412 (id
853 3337 1004 3412 quod
1041 3336 1281 3414 accidit)
1315 3336 1544 3395 facilius
1573 3357 1634 3395 se
1680 3338 2110 3414 imprudentem
2154 3340 2333 3415 parva

497 3452 674 3491 manu
726 3450 1154 3505 oppressurum,
1211 3428 1383 3505 quam
1453 3444 1739 3507 paratum,
1795 3432 2058 3508 quamvis
2112 3453 2334 3509 magno

496 3526 774 3584 exercitu.
859 3524 995 3581 Hac
1025 3524 1252 3582 delatus
1280 3524 1341 3581 in
1374 3525 1667 3600 Ciliciam,
1697 3546 1965 3603 egressus
2011 3528 2168 3601 inde,
2207 3528 2335 3585 dies

499 3630 815 3697 noctesque
845 3619 953 3679 iter
983 3619 1226 3695 faciens„
1256 3620 1525 3678 Taurum
1546 3622 1796 3695 transiit,
1824 3620 2011 3697 eoque
2058 3620 2173 3698 quo
2217 3634 2335 3681 stu·
