2619 4349
361 431 438 493 44
1303 441 1498 491 moN.
1583 476 1588 483 -

557 601 633 660 V.
716 601 1029 676 Postquam
1084 600 1433 659 Corinthum
1475 598 1739 676 pervenit
1779 598 1957 671 Dion,
2000 608 2060 655 et
2113 594 2321 655 eodem

477 694 733 774 perfugit
773 695 1142 768 Heraclides,
1185 696 1259 754 ab
1298 696 1506 754 eodem
1561 694 1836 772 expulsus
1877 693 2180 769 Dionysio,
2222 691 2323 768 qui

478 791 792 869 prefectus
833 791 1023 850 fuerat
1061 791 1342 867 equitum,
1364 791 1527 849 omni
1567 790 1788 849 ratione
1831 790 2049 847 bellum
2092 807 2326 863 compa-

481 905 611 946 rare
653 898 972 964 coeperunt.
1109 888 1229 945 Sed
1271 906 1390 946 non
1433 885 1680 945 multum
1720 885 2123 963 proficiebant,
2166 881 2324 960 quod

400 983 443 1041 5
481 982 793 1041 multorum
816 1001 1101 1041 annorum
1123 982 1387 1058 tyrannis
1414 1001 1759 1058 magnarum
1785 1000 1961 1057 opum
1990 979 2322 1056 putabatur.

478 1077 681 1141 Quam
706 1078 784 1137 ob
810 1097 1049 1136 causam
1076 1077 1251 1154 pauci
1281 1077 1355 1135 ad
1383 1077 1721 1136 societatem
1758 1075 2004 1151 periculi
2044 1075 2326 1150 perduce-

480 1173 710 1232 bantur.
833 1173 954 1231 Sed
994 1171 1151 1231 Dion
1196 1173 1378 1231 fretus
1420 1192 1538 1233 non
1582 1183 1699 1237 tam
1741 1170 1863 1231 suis
1903 1169 2106 1246 copiis,
2148 1165 2325 1245 quam

479 1268 615 1328 odio
655 1268 908 1345 tyranni,
942 1268 1195 1326 maximo
1238 1268 1454 1341 animo,
1484 1269 1711 1326 duabus
1737 1267 2019 1326 onerariis
2056 1265 2325 1338 navibuS,

480 1363 902 1439 quinquaginta
945 1382 1228 1421 annorum
1272 1363 1600 1439 imperium,
1653 1362 1944 1420 munitum
1990 1359 2326 1437 quingentis

370 1459 444 1518 10
481 1458 673 1535 longis
688 1458 955 1531 navibus,
974 1460 1180 1516 decem
1202 1459 1487 1534 equitum,
1507 1471 1743 1517 centum
1767 1458 2028 1536 peditum
2047 1457 2324 1531 millibus,

486 1553 781 1631 profectus
816 1565 1237 1629 oppugnatum,
1269 1552 1450 1630 (quod
1479 1554 1750 1612 omnibus
1778 1553 2051 1630 gentibus
2081 1552 2328 1610 admira-

483 1649 600 1707 bile
626 1659 715 1707 est
741 1648 954 1726 visum)
990 1647 1135 1706 adeo
1167 1648 1340 1707 facile
1381 1650 1649 1725 perculit,
1671 1661 1735 1708 ut
1756 1661 1886 1725 post
1910 1649 2064 1706 diem
2088 1648 2323 1707 tertium

481 1743 657 1820 quam
700 1743 963 1802 Siciliam
1007 1743 1294 1820 attigerat,
1326 1746 1649 1821 Syracusas
1678 1744 1981 1804 introierit.
2080 1744 2172 1801 Ex
2212 1764 2329 1819 quo

485 1839 732 1916 intelligi
778 1850 988 1916 potest,
1029 1840 1253 1899 nullum
1295 1860 1425 1898 esse
1468 1840 1772 1916 imperium
1817 1851 2027 1913 tutum,
2071 1840 2185 1897 nisi
2228 1840 2329 1897 be·

372 1936 446 1993 15
486 1934 816 1994 nevolentia
857 1934 1164 1994 munitum.
1249 1935 1340 1995 Eo
1380 1948 1638 2012 tempore
1670 1937 1868 1993 aberat
1897 1935 2237 2011 DionysiuS,
2266 1947 2329 1994 et

484 2029 544 2089 in
609 2029 782 2089 Italia
844 2030 1092 2089 classem
1155 2031 1585 2107 opperiebatur,
1643 2031 2102 2089 adversariorum
2166 2044 2329 2090 ratus

484 2125 779 2184 neminem
820 2125 948 2186 sine
990 2127 1219 2203 magnis
1259 2127 1445 2203 copiis
1475 2128 1546 2185 ad
1590 2147 1653 2186 se
1684 2139 2029 2187 venturum:
2074 2146 2201 2203 quae
2230 2146 2327 2186 res

483 2239 618 2277 eum
660 2220 879 2278 fefellit.
962 2220 1120 2279 Nam
1170 2221 1327 2279 Dion
1379 2222 1451 2280 iis
1499 2222 1661 2298 ipsis,
1709 2223 1810 2299 qui
1859 2224 1969 2281 sub
2013 2223 2327 2282 adversarii

487 2315 717 2373 fuerant
768 2326 1074 2390 potestate,
1130 2317 1322 2393 regios
1383 2316 1619 2393 spiritus
1690 2319 1983 2396 repressit,
2036 2319 2328 2395 totiusque

364 2410 445 2468 20
484 2410 611 2486 ejus
637 2410 817 2485 partis
845 2411 1062 2469 Siciliae
1091 2412 1308 2489 potitus
1339 2425 1447 2486 est,
1476 2432 1604 2488 quae
1648 2409 1756 2471 sub
1783 2426 2067 2491 potestate
2108 2414 2329 2491 Diony-

483 2504 556 2563 sii
605 2507 824 2577 fuerat3
886 2507 1126 2584 parique
1182 2509 1356 2568 modo
1404 2510 1565 2570 urbis
1620 2511 2063 2586 Syracusarum,
2119 2522 2327 2587 praeter

487 2620 679 2659 arcem
709 2613 774 2660 et·
796 2602 1047 2660 insulam
1074 2604 1412 2680 adjunctam
1433 2605 1647 2683 oppido
1669 2627 1685 2677 ;
1727 2605 1914 2682 eoque
1937 2626 2059 2665 rem
2080 2607 2329 2684 perdux-

485 2695 549 2769 it,
573 2708 638 2755 ut
665 2697 877 2755 talibus
904 2698 1274 2774 pactionibus
1300 2720 1507 2776 pacem
1552 2712 1833 2776 tyrannus
1876 2703 2069 2760 facere
2110 2702 2282 2761 vellet
2312 2721 2326 2761 ε

486 2791 755 2849 Siciliam
783 2792 952 2850 Dion
980 2793 1278 2868 obtineret,
1307 2796 1554 2853 Italiam
1595 2796 1950 2872 Dionysius,
1992 2797 2328 2873 Syracusas

365 2886 447 2944 25
485 2884 910 2962 Apollocrates,
940 2888 1042 2945 cui
1064 2890 1380 2947 maximam
1402 2891 1578 2948 fidem
1606 2891 1710 2948 uni
1739 2892 2007 2950 habebat.

563 2980 671 3039 VI.
756 2982 884 3040 Has
910 2994 1029 3040 tam
1051 3002 1359 3060 prosperas
1386 2997 1618 3059 tamque
1648 2984 1978 3060 inopinatas
2005 3005 2099 3043 res
2126 3005 2344 3046 conse-⁷

480 3088 622 3135 cuta
648 3089 737 3136 est
764 3078 958 3136 subita
985 3080 1383 3153 commutatiO,
1406 3078 1563 3155 quod
1591 3081 1823 3139 fortuna
1850 3080 1957 3137 sua
1984 3080 2327 3155 mobilitate,

482 3191 657 3247 quem
684 3170 858 3247 paulo
890 3172 1026 3231 ante
1055 3176 1360 3247 extulerat,
1390 3176 1846 3250 demergerelest
1875 3175 2092 3234 adorta.
2204 3176 2329 3235 Pri-

431 3324 440 3330 ,
485 3263 646 3323 mum
702 3265 762 3323 in
818 3266 957 3339 filio,
1007 3268 1080 3326 de
1127 3287 1243 3343 quo
1292 3270 1743 3330 commemoravi
1796 3268 1992 3347 supra,
2044 3271 2327 3330 saevitiam

364 3361 448 3420 30
487 3379 652 3419 suam
708 3361 986 3421 exercuit.
1071 3361 1229 3420 Nam
1281 3384 1461 3439 quum
1510 3384 1747 3424 uxorem
1803 3367 2149 3438 reduxisset,
2197 3387 2328 3443 quae

487 3454 586 3513 alii
628 3457 815 3514 suerat
853 3457 1085 3531 tradita,
1115 3458 1412 3535 filiumque
1441 3461 1613 3520 vellet
1639 3481 1911 3521 revocare
1955 3463 2029 3520 ad
2057 3463 2327 3521 virtutem

487 3568 524 3608 a
561 3549 787 3627 perdita
827 3552 1080 3627 luxuria,
1124 3554 1354 3632 accepit
1407 3557 1811 3633 gravissimum
1863 3578 2075 3637 parens
2119 3559 2328 3617 vulnus

487 3651 672 3705 morte
700 3644 820 3705 filii.
930 3647 1163 3709 Deinde
1191 3661 1320 3710 orta
1347 3652 1633 3713 dissensio
1661 3666 1748 3714 est
1778 3654 1928 3714 inter
1956 3674 2090 3713 eum
2118 3665 2180 3714 et
2207 3654 2330 3712 He·
