2619 4349
1036 518 1456 570 PAUsAMAs.
2216 515 2289 574 10

324 675 754 751 -Eretriensem,
781 678 881 754 qui
908 679 1130 737 litteras
1160 680 1319 755 Regi
1347 680 1634 759 redderet,
1678 679 1739 737 in
1779 680 1991 756 quibus
2039 682 2168 740 haec

340 770 516 828 fuisse
561 772 796 848 scripta,
846 772 1230 849 Thucydides
1276 775 1569 833 memoriae
1612 774 1902 851 prodidit:
1962 780 1999 807 “
2020 776 2168 834 Pau·

318 867 552 938 sanias,
602 867 721 924 dux
769 868 1011 944 Spartan,
1061 889 1205 944 quos
1248 869 1524 945 Byzantii
1567 881 1819 946 ceperat,
1862 881 2166 947 postquam

337 961 686 1037 propinquos
713 973 845 1021 tuos
870 964 1161 1039 cognovit,
1190 965 1295 1023 tibi
1324 964 1553 1024 muneri
1579 965 1756 1038 misit,
1774 984 1949 1041 seque
1967 977 2164 1025 tecum

339 1057 616 1116 affinitate
645 1058 923 1135 conjungi
945 1060 1144 1136 cupit:
1187 1079 1385 1136 quare,
1430 1060 1482 1118 si
1517 1059 1623 1118 tibi
1672 1060 1917 1134 videtur,
1959 1061 2064 1119 des
2104 1061 2163 1120 ei
2199 1063 2242 1121 5

339 1151 515 1211 filiam
543 1166 701 1212 tuam
723 1166 985 1230 nuptum.
1068 1154 1140 1211 Id
1168 1156 1217 1212 si
1246 1154 1475 1228 seceris,
1503 1164 1565 1213 et
1603 1142 1871 1229 Spartam
1907 1167 1968 1214 et
1996 1167 2165 1216 caete·

338 1267 462 1305 ram
489 1249 778 1306 Graeciam
826 1251 935 1308 sub
982 1261 1142 1308 tuam
1192 1261 1538 1326 potestatem
1591 1268 1675 1322 se,
1729 1249 2039 1326 adjuvante
2082 1262 2162 1325 te,

339 1343 704 1400 redacturum
733 1344 1051 1419 pollicetur.
1134 1344 1248 1402 His
1275 1346 1349 1402 de
1371 1345 1545 1403 rebus
1571 1343 1621 1402 si
1648 1344 1787 1420 quid
1834 1345 1960 1421 geri
2009 1347 2165 1405 volu-

337 1437 473 1510 eris,
529 1451 754 1496 certum
804 1439 1096 1497 hominem
1153 1441 1226 1497 ad
1274 1459 1411 1498 eum
1454 1440 1650 1499 mittas
1693 1441 1842 1514 sace,
1883 1460 2019 1499 cum
2047 1426 2162 1517 quo

316 1533 971 1608 ,colloquatur.'’——Rex
997 1547 1080 1594 tot
1111 1536 1410 1594 hominum
1439 1536 1646 1609 salute,
1675 1547 1793 1595 tam
1821 1534 1932 1594 sibi
1961 1554 2162 1596 neces-
2205 1538 2280 1596 10

314 1628 638 1701 sariorum,
685 1648 1034 1705 magnopere
1081 1630 1333 1706 gavisus,
1384 1631 1691 1689 confestim
1740 1651 1876 1689 cum
1918 1620 2162 1708 epistolii

346 1724 704 1782 Artabazum
734 1725 807 1780 ad
836 1724 1183 1782 Pausaniam
1213 1724 1409 1801 mittit,
1439 1725 1500 1783 in
1542 1725 1655 1801 qua
1685 1745 1818 1783 eum
1848 1726 2159 1800 collaudat,

339 1838 409 1876 ac
424 1820 587 1895 petit,
606 1819 779 1876 necui
798 1818 881 1877 rei
908 1827 1110 1894 parcat
1138 1820 1212 1877 ad
1229 1838 1301 1879 ea
1317 1821 1675 1897 perficienda
1690 1840 1818 1896 quae
1836 1821 2157 1898 pollicetur.

339 1914 403 1971 Si
434 1915 655 1988 fecerit,
698 1914 915 1974 nullius
954 1915 1039 1973 rei
1089 1934 1124 1972 a
1165 1935 1227 1975 se
1271 1918 1566 1992 repulsam
1612 1918 1879 1975 laturum.
1964 1916 2160 1993 Hujus

338 2010 656 2069 Pausanias
684 2011 976 2069 voluntate
1004 2011 1260 2087 cognita,
1289 2011 1532 2079 alacrior
1561 2012 1633 2069 ad
1678 2030 1800 2069 rem
1843 2012 2158 2087 gerendam
2203 2013 2279 2070 15

312 2107 545 2179 -factuS,
570 2106 649 2164 ‘in
706 2106 1096 2183 suspicionem
1143 2106 1362 2165 cecidit
1408 2106 2002 2165 Lacedaemoniorum.
2086 2107 2160 2165 In

335 2222 449 2279 quo
478 2204 630 2261 sacto
655 2203 891 2261 domum
932 2215 1254 2276 revocatus,
1298 2214 1607 2261 accusatus
1649 2202 1876 2279 capitis,
1922 2203 2162 2261 absolvi·

314 2313 447 2371 sur,
477 2301 748 2359 multatur
777 2311 973 2357 tamen
997 2300 1288 2375 pecunia.
1276 2319 1289 2331 ·
1332 2318 1506 2375 quam
1532 2300 1609 2357 ob
1635 2318 1873 2358 causam
1901 2300 1973 2356 ad
2015 2300 2160 2358 clas·

337 2413 462 2452 sem
486 2394 764 2452 remissus
792 2413 906 2452 non
937 2408 1042 2451 est.

312 2521 323 2548 ι
414 2489 532 2546 ΙΙΙ.
615 2490 699 2546 At
725 2489 821 2546 ille
851 2487 980 2563 post
1006 2508 1123 2552 non
1151 2489 1335 2548 multo
1365 2510 1469 2548 sua
1499 2502 1703 2566 sponte
1732 2491 1805 2547 ad
1833 2490 2153 2546 exercitum
2191 2489 2277 2548 20

312 2584 527 2655 sedin,
556 2594 616 2641 et
643 2581 724 2640 ibi
752 2600 868 2639 non
918 2583 1130 2640 callida
1172 2585 1276 2640 sed
1325 2585 1584 2641 dementi
1631 2585 1854 2642 ratione
1903 2584 2158 2658 cogitata

306 2709 323 2738 ι
338 2677 629 2755 patefecit.
713 2675 852 2734 Non
893 2676 1053 2734 enim
1100 2695 1289 2736 mores
1336 2678 1551 2755 patrios
1598 2676 1804 2749 solum,
1847 2677 1950 2734 sed
1994 2677 2169 2736 etiam

304 2773 556 2832 cultum
592 2769 978 2847 vestitumque
1012 2772 1270 2831 mutavit.
1354 2773 1652 2848 Apparatu
1682 2772 1843 2847 regio
1873 2772 2157 2844 utebatur,

309 2875 493 2928 :veste
520 2866 792 2936 Medica;
835 2865 1110 2926 satellites
1138 2866 1302 2924 Medi
1331 2878 1390 2926 et
1429 2866 1688 2942 AEgyptii
1733 2866 2153 2940 sequebantur-3

310 2964 673 3041 ‚epulabatur
688 2980 860 3019 more
889 2961 1216 3033 Persarum,
1244 2960 1615 3033 luxuriosius,
1645 2980 1839 3035 quam,
1880 2960 1979 3034 qui
2023 2962 2178 3019 ade-
2191 2961 2275 3020 25

308 3070 483 3134 aaut,
510 3056 735 3134 perpeti
773 3066 1024 3129 possent.
1107 3055 1352 3112 Aditum
1393 3054 1724 3129 petentibus
1770 3054 2154 3111 conveniendi

310 3174 450 3213 :non
477 3152 691 3222 dabat3
732 3147 983 3226 superbe
1028 3149 1435 3225 respondebat,
1479 3159 1538 3206 et
1565 3147 1876 3206 crudeliter
1915 3147 2157 3223 impera·

310 3249 447 3307 ‚bat.
532 3249 798 3323 Spes-tam
821 3245 1009 3304 redire
1026 3244 1276 3303 nolebat.
1334 3244 1608 3317 Celonas,
1628 3243 1724 3318 qui
1749 3244 1912 3301 locus
1934 3241 1993 3300 iu
2017 3261 2157 3318 agro

306 3344 569 3416 ΑΤι’(ιικίε
614 3353 725 3414 est,
770 3361 833 3400 se
880 3341 1220 3400 contulerat.
1303 3338 1399 3395 Ibi
1419 3347 1424 3350 “
1441 3337 1689 3396 consilia
1735 3356 1912 3412 quum
1953 3337 2155 3413 patrie

306 3450 456 3500 'tum
484 3437 593 3499 sibi
625 3436 866 3495 inimica
902 3435 1187 3513 capiebat.
1278 3434 1350 3492 Id
1392 3446 1694 3509 postquam
1723 3432 2153 3494 Lacedaemonii
2191 3434 2274 3493 m

260 3593 265 3596 Α
332 3534 676 3606 rescierunt,
698 3533 920 3608 legatos
949 3531 1023 3589 ad
1048 3549 1183 3588 eum
1212 3548 1349 3587 cum
1375 3529 1594 3604 scytale
1623 3529 1925 3608 miserunt,
1954 3528 2015 3586 in
2036 3530 2152 3604 qua

328 3648 491 3689 more
518 3629 745 3688 illorum
771 3638 898 3686 erat
922 3624 1235 3701 scriptum:
1264 3624 1382 3682 uisi
1408 3623 1625 3696 damma
1653 3631 2035 3693 revertenter,
2092 3642 2150 3680 se

330 3725 547 3802 capitis
574 3743 695 3784 um
734 3723 1124 3782 demnatum.
1206 3718 1342 3778 Hoc
1384 3717 1590 3777 nuntio
1636 3728 1979 3790 commotus,
2027 3729 2153 3793 spe·
