2619 4349
370 376 458 437 ,30
1175 383 1633 434 ALCIBIADES.

494 546 834 623 proefectum
880 545 1068 622 Regis
1116 545 1305 619 Darii,
1351 565 1413 604 se
1462 545 1725 607 contulit.
1812 542 1999 621 Cujus
2041 563 2217 621 quum
2270 544 2336 607 in

497 641 762 699 intimam
791 641 1107 700 amicitiam
1136 642 1514 719 pervenisset,
1550 653 1609 700 et
1659 640 2133 715 Atheniensium,
2179 641 2334 701 male

494 737 675 814 gestis
706 737 763 794 in
797 737 1001 795 Sicilia
1024 739 1219 812 rebus,
1247 759 1388 815 opes
1431 758 1761 811 senescere,
1812 736 2016 797 contra
2059 737 2338 799 Lacedae-

493 833 820 892 moniorum
849 855 1136 908 crescere,
1166 836 1429 907 videret3
1475 835 1641 894 initio
1682 855 1820 894 cum
1862 835 2147 895 Pisandro
2193 855 2337 914 prae-

412 931 455 989 5
495 941 639 1005 tore,
668 931 767 1008 qui
797 928 959 1009 apud*
980 932 1221 990 Samum
1249 932 1571 991 exercitum
1614 931 1886 1006 habebat,
1915 951 2017 1009 per
2035 931 2338 992 internun-

495 1028 607 1087 tios
635 1028 999 1105 colloquitur,
1030 1040 1089 1087 et
1116 1029 1189 1086 de
1218 1028 1409 1087 reditu
1438 1049 1544 1087 suo
1574 1028 1714 1096 facit
1732 1028 2106 1091 mentionem.
2192 1029 2338 1090 Erat

494 1125 653 1183 enim
704 1127 930 1200 eodem,
980 1146 1093 1202 quo
1149 1125 1512 1198 Alcibiades,
1569 1144 1766 1198 sensu,
1822 1125 2015 1202 populi
2061 1124 2335 1202 potentiae

495 1241 613 1279 non
644 1222 886 1296 amicus,
916 1235 976 1279 et
1012 1223 1361 1299 optimatum
1405 1222 1609 1280 fautor.
1694 1222 1792 1279 Ab
1841 1223 1954 1280 hoc
2002 1222 2334 1297 destitutuS,

491 1315 744 1394 primum
802 1339 904 1395 per
960 1319 1420 1394 Thrasybulum,
1478 1318 1626 1394 Lyci
1682 1319 1887 1393 filium,
1943 1320 2017 1377 ab
2071 1319 2333 1383 exercitu

380 1414 454 1473 10
495 1414 791 1490 recipitur,
815 1426 1135 1490 praetorque
1161 1415 1223 1472 fit
1267 1416 1420 1491 apud
1460 1415 1741 1486 Samum;
1784 1413 1936 1491 post,
1975 1415 2332 1492 suffragante

493 1509 890 1583 Theramene,
919 1509 1266 1587 populiscito
1293 1509 1637 1584 restituitur,
1688 1510 1926 1587 parique
1975 1511 2185 1569 absens
2227 1511 2334 1568 im-

492 1605 654 1682 perio
682 1606 993 1683 praeficitur
1017 1606 1188 1663 simul
1234 1626 1369 1664 cum
1412 1607 1785 1683 Thrasybulo
1828 1619 1886 1666 et
1935 1607 2329 1666 Theramene.

495 1699 722 1759 Horum
752 1701 812 1758 in
843 1701 1085 1778 imperio
1113 1714 1276 1760 tanta
1297 1703 1675 1762 commutatio
1704 1722 1897 1761 rerum
1927 1704 2083 1771 facta
2125 1715 2233 1776 est,
2268 1718 2333 1763 ut

493 1794 949 1872 Lacedaemonii,
972 1798 1070 1875 qui
1096 1797 1271 1876 paulo
1303 1797 1440 1857 ante
1471 1798 1718 1858 victores
1755 1799 2079 1875 viguerant,
2117 1810 2333 1875 perter-

376 1890 455 1955 15
494 1892 589 1952 riti
617 1912 825 1970 pacem
854 1906 1136 1971 peterent.
1220 1894 1383 1953 Victi
1412 1894 1568 1953 enim
1616 1905 1784 1952 erant
1826 1894 2079 1970 quinque
2112 1894 2332 1970 proeliis

491 1989 881 2064 terrestribus,
912 1991 1097 2049 tribus
1129 1990 1433 2049 navalibus
1457 2011 1473 2061 ;
1518 1990 1575 2048 in
1604 1990 1813 2065 quibus
1842 1990 2125 2051 ducentas
2154 2010 2331 2050 naves

482 2086 756 2146 triremes
827 2087 1159 2159 amiserant,
1233 2106 1361 2162 quae
1417 2099 1601 2163 captae
1652 2086 1711 2143 in
1764 2086 2012 2145 hostium
2052 2098 2330 2147 venerant

484 2194 854 2260 potestatem.
957 2183 1298 2242 Alcibiades
1347 2182 1518 2240 simul
1563 2202 1699 2241 cum
1749 2183 1989 2259 collegis
2032 2196 2331 2259 receperat

495 2278 743 2352 Ioniam,
770 2278 1236 2355 Hellespontum,
1266 2278 1479 2336 multas
1521 2290 1803 2355 praeterea
1851 2280 2025 2337 urbes
2067 2280 2327 2354 GraecaS,

371 2372 454 2433 20
493 2392 620 2449 quae
653 2373 711 2430 in
740 2374 843 2432 ora
872 2373 995 2431 sitae
1041 2386 1177 2433 sunt
1223 2373 1403 2447 Asiae,
1432 2393 1676 2451 quarum
1725 2375 2131 2453 expugnarant
2175 2395 2329 2434 com·

493 2471 706 2548 plureS,
738 2470 798 2529 in
828 2471 919 2529 his
961 2471 1315 2548 Byzantium
1334 2491 1366 2542 ;⁷
1394 2491 1583 2548 neque
1611 2468 1807 2532 minus
1835 2472 2047 2531 multas
2085 2471 2329 2554 consilio

495 2568 566 2625 ad
620 2566 937 2626 amicitiam
986 2567 1395 2645 adjunxerant,
1449 2566 1602 2644 quod
1655 2568 1717 2625 in
1767 2580 1967 2645 captos
2016 2567 2354 2626 clementia-

497 2665 726 2724 fuerant
770 2663 876 2723 usi.
962 2663 1113 2722 Inde
1155 2664 1353 2742 praeda
1402 2663 1617 2739 onusti,
1646 2663 1999 2741 locupletato
2042 2664 2327 2737 exercitu,

494 2760 762 2819 maximis
790 2760 963 2820 rebus
990 2760 1191 2837 gestiS,
1220 2760 1485 2818 Athenas
1507 2770 1809 2817 venerunt.
1962 2821 1970 2827 ,

332 2856 456 2918 ‘25
574 2855 682 2915 VI.
767 2856 880 2914 His
907 2876 1086 2934 quum
1133 2854 1365 2915 obviAm
1409 2855 1680 2914 universa
1719 2854 1927 2916 civitas
1972 2854 2032 2910 in
2078 2854 2329 2913 Piraeum

493 2953 914 3027 descendisset,
943 2964 1107 3012 tanta
1135 2952 1243 3010 fuit
1270 2951 1531 3010 omnium
1560 2948 1887 3026 expectatio
1916 2947 2139 3010 visendi
2169 2949 2330 3007 Alci·

443 3085 453 3092 ·
494 3050 703 3125 hiacus,
734 3062 799 3110 ut
828 3050 900 3107 ad
928 3050 1055 3126 ejus
1097 3048 1393 3109 triremem
1442 3046 1648 3122 vulgus
1691 3044 2030 3115 conflueret,
2084 3043 2328 3119 proinde

497 3167 567 3206 ac
595 3147 643 3206 si
673 3148 828 3205 solus
859 3144 1202 3203 advenisset.
1289 3143 1391 3200 Sic
1414 3142 1570 3199 enim
1593 3141 1805 3217 populo
1823 3152 1947 3198 erat
1967 3156 2327 3215 persuasum,

493 3255 555 3302 et
583 3244 852 3300 adversas
881 3240 1227 3317 superiores,
1256 3250 1316 3296 et
1342 3248 1657 3314 praesentes
1700 3236 1992 3296 secundas
2036 3254 2127 3294 res
2178 3231 2330 3292 acci-

363 3338 456 3398 23⁰
495 3336 650 3396 disse
673 3336 799 3413 ejus
824 3335 1020 3413 opera.
1106 3333 1313 3409 Itaque
1339 3344 1401 3391 et
1446 3331 1663 3394 Sicilire
1700 3330 1997 3405 amissum,
2043 3342 2102 3390 et
2145 3330 2329 3394 Lace-

495 3431 912 3491 doemoniorum
935 3429 1205 3489 victorias
1232 3429 1419 3505 culpae
1449 3448 1567 3487 suae
1590 3428 1944 3501 tribuebant,
1967 3426 2122 3503 quo-d
2152 3428 2326 3486 talem

488 3515 682 3588 virum
735 3548 769 3587 e
825 3527 1057 3588 civitate
1107 3525 1480 3604 expulissent.
1586 3524 1794 3601 Neque
1850 3523 1909 3580 id
1964 3524 2091 3584 sine
2146 3523 2326 3582 causa

498 3624 761 3686 arbitrari
790 3623 1150 3684 videbantur.
1234 3621 1391 3681 Nam
1418 3633 1722 3700 postquam
1766 3619 2047 3679 exercitui
2077 3637 2327 3697 praeesse
