2619 4349
1146 458 1342 507 mox.
2183 444 2276 509 ’43

313 615 616 674 Platonem
646 615 901 674 Athenis
932 629 1270 691 arcesseret,
1299 629 1359 676 et
1399 618 1526 694 ejus
1570 617 1830 676 consiliis
1871 629 2152 692 uteretur,

312 710 433 783 ille,
463 711 560 786 qui
589 711 648 768 in
682 712 875 788 aliqua
903 731 965 769 re
989 712 1158 772 vellet
1188 725 1410 789 patrem
1442 713 1675 787 imitari,
1698 732 1918 772 morem
1943 712 2001 771 ei
2028 732 2158 791 ges-

313 806 404 866 sit.
490 806 828 883 Eodemque
850 818 1108 884 tempore
1136 808 1444 868 Philistum
1466 807 1804 869 historicum
1834 809 2158 887 Syracusas

313 902 564 974 reduxit,
616 903 910 960 hominem
962 903 1214 962 amicum
1270 924 1388 963 non
1433 905 1620 982 magis
1659 917 1925 981 tyranno,
1980 907 2155 982 quAm

312 997 628 1073 tyrannidi.
715 999 833 1055 Sed
862 999 936 1056 de
965 1000 1077 1057 hoc
1106 999 1165 1057 in
1207 1020 1279 1058 eo
1319 1020 1451 1059 meo
1490 1001 1637 1060 libro
1674 1002 1843 1078 plura
1883 1014 2020 1061 sunt
2059 1021 2157 1060 ex·
2193 1002 2236 1060 5

314 1091 521 1168 posita,
555 1092 653 1167 qui
695 1093 769 1149 de
811 1093 1103 1151 historicis
1143 1095 1510 1171 conscriptus
1550 1107 1655 1154 est.
1754 1096 1919 1155 Plato
1961 1108 2155 1155 autem

312 1186 542 1247 tantum
601 1188 754 1264 apud
812 1187 1159 1264 Dionysium
1219 1189 1560 1248 auctoritate
1615 1189 1821 1266 potuit,
1863 1190 2156 1267 valuitque

316 1284 666 1359 eloquentia,
716 1294 780 1342 ut
827 1283 883 1340 ei
937 1284 1308 1359 persuaserit,
1358 1285 1680 1360 tyrannidis
1723 1286 1916 1344 facere
1957 1286 2154 1359 finem,

317 1378 757 1454 libertatemque
813 1379 1056 1436 reddere
1114 1380 1534 1455 Syracusanis:
1603 1399 1638 1438 a
1691 1382 1806 1458 qua
1858 1381 2154 1440 voluntate

318 1473 546 1533 Philisti
601 1475 845 1533 consilio
915 1474 1244 1548 deterritus,
1303 1473 1599 1551 aliquanto
1670 1476 1960 1534 crudelior
2023 1494 2152 1534 esse
2198 1475 2273 1534 10

315 1568 509 1645 coepit.

398 1665 504 1723 IV.
585 1665 713 1726 Qui
754 1665 1010 1741 quidem,
1038 1684 1217 1741 quum
1261 1685 1293 1723 a
1336 1666 1527 1725 Dione
1556 1685 1619 1724 se
1648 1666 1907 1743 superari
1935 1666 2157 1724 videret

320 1761 576 1837 ingenio,
622 1761 983 1832 auctoritate,
1028 1779 1222 1819 amore
1262 1762 1481 1838 populi,
1522 1780 1748 1835 verens,
1790 1781 1887 1835 ne,
1930 1760 1979 1819 si
2020 1778 2155 1818 eum

319 1875 517 1913 secum
539 1856 797 1928 haberet,
820 1856 1069 1931 aliquam
1081 1856 1453 1914 occasionem
1477 1857 1566 1914 sui
1585 1858 1750 1915 daret
1768 1855 2153 1933 opprimendi,

319 1969 525 2009 navem
567 1952 624 2008 ei
664 1951 957 2008 triremem
1000 1951 1181 2024 dedit,
1210 1952 1326 2027 qua
1356 1951 1704 2010 Corinthum
1733 1953 2152 2009 deveheretur:
2199 1952 2275 2009 15

318 2047 654 2118 ostendens,
683 2066 745 2104 se
776 2047 831 2103 id
864 2046 1161 2122 utriusque
1192 2048 1384 2104 facere
1413 2047 1631 2117 causr‘i3
1675 2064 1771 2119 ne,
1800 2064 1976 2122 quum
2007 2047 2155 2105 inter

322 2162 384 2201 se
417 2142 708 2215 timerent,
753 2142 1026 2200 alteruter
1070 2142 1315 2202 alterum
1344 2152 1793 2220 praeoccuparet.
1877 2140 1949 2199 Id
1976 2159 2154 2218 quum

322 2240 540 2297 sactum
590 2238 755 2296 multi
806 2237 1268 2314 indignarentur,
1325 2256 1668 2315 magnoeque
1723 2249 1876 2296 esset
1925 2237 2156 2295 invidia)

322 2348 587 2409 tyranno,
617 2331 935 2408 Dionysius
974 2333 1172 2390 omnia
1212 2352 1341 2408 quae
1383 2334 1600 2392 moveri
1638 2344 1906 2409 poterant
1947 2330 2157 2391 Dionis

322 2428 385 2485 in
427 2447 604 2485 naves
645 2427 937 2503 imposuit,
970 2428 1041 2484 ad
1091 2447 1340 2503 eumque
1389 2428 1563 2485 misit.
1650 2428 1751 2485 Sic
1780 2428 1935 2485 enim
1964 2428 2157 2486 existi·
2195 2427 2277 2486 20

322 2522 469 2581 mari
510 2523 755 2594 volebat,
797 2522 853 2579 id
897 2542 959 2579 se
1001 2541 1117 2580 non
1159 2522 1295 2580 odio
1337 2523 1609 2595 hominis,
1652 2524 1752 2580 sed
1796 2542 1915 2580 suoe
1955 2523 2160 2581 salutis

325 2620 533 2678 fecisse
562 2618 757 2676 causa.
844 2618 1053 2676 Postea
1092 2616 1227 2675 verb
1270 2616 1444 2692 quam
1488 2618 1706 2676 audivit
1733 2636 1868 2675 eum
1900 2618 1958 2673 in
1997 2617 2161 2676 Pelo—

324 2734 584 2790 ponneso
624 2733 861 2771 manum
903 2731 1257 2789 comparare,
1301 2712 1526 2789 sibique
1575 2713 1790 2771 bellum
1834 2715 2027 2772 facere
2066 2732 2163 2772 co-

327 2810 493 2877 nari;
563 2810 807 2882 Areten,
849 2807 1060 2867 Dionis
1102 2827 1362 2881 uxorem,
1406 2808 1501 2865 alii
1548 2819 1793 2884 nuptum
1834 2808 2015 2880 dedit,
2057 2807 2164 2865 fili-

328 2924 537 2980 umque
567 2905 693 2980 ejus
721 2904 807 2961 sic
834 2903 1074 2961 educari
1098 2903 1290 2979 jussit,
1321 2915 1385 2961 ut
1416 2903 1773 2978 indulgendo
1813 2903 2161 2979 turpissimis
2200 2902 2282 2960 25

224 3007 227 3010 '
328 2999 683 3056 imbueretur
705 2997 1138 3074 cupiditatibus
1222 2996 1378 3054 Nam
1402 3016 1601 3072 puero,
1624 2997 1956 3072 priusquam
1981 2998 2164 3072 pubes

326 3094 500 3166 esset,
545 3105 735 3151 scorta
777 3092 1255 3161 adducebantur3
1300 3090 1435 3149 vino
1463 3091 1761 3166 epulisque
1792 3091 2163 3164 obruebatur,

329 3209 517 3265 neque
546 3189 728 3245 ullum
756 3199 985 3264 tempus
1013 3186 1206 3245 sobrio
1234 3182 1683 3261 relinquebatur.
1768 3183 1830 3242 Is
1873 3203 2053 3259 usque
2093 3185 2166 3241 ed

329 3285 461 3343 vitae
490 3296 703 3342 statum
731 3293 1151 3341 commutatum
1183 3281 1332 3339 serre
1365 3300 1482 3339 non
1522 3278 1729 3356 potuit,
1758 3289 2058 3356 postquam
2104 3279 2165 3337 in

328 3379 574 3457 patriam
615 3379 788 3437 rediit
826 3390 990 3454 pater
1034 3376 1316 3455 (namque
1359 3374 1600 3452 appositi
1656 3385 1822 3433 erant
1875 3374 2167 3448 custodes„
2206 3373 2289 3432 30

327 3475 426 3551 qui
469 3494 603 3533 eum
633 3494 665 3533 a
695 3473 937 3552 pristino
964 3472 1121 3530 victu
1150 3470 1563 3549 deducerent),
1592 3481 1656 3528 ut
1683 3488 1744 3527 se
1774 3469 1848 3527 de
1874 3467 2170 3545 superiore

329 3581 492 3647 parte
535 3570 746 3628 aedium
788 3568 1087 3646 dejecerit,
1132 3578 1303 3643 atque
1348 3565 1428 3624 ita
1468 3564 1768 3624 interierit.
1867 3565 1987 3622 Sed
2031 3563 2170 3622 illuc

330 3677 598 3727 revertor.
