2619 4349
356 396 472 455 102
1187 396 1578 454 HANNIBAL.

470 585 811 623 enumerare
851 565 1069 641 proelia.
1152 565 1358 626 Quare
1401 567 1512 622 hoc
1542 583 1723 620 unum
1755 560 1894 620 satis
1923 562 2032 622 erit
2059 559 2304 637 dictum,

468 680 541 718 ex
570 681 682 735 quo
727 660 970 736 intelligi
999 660 1211 736 possit‚·
1229 671 1479 734 quantus
1509 659 1604 715 ille
1636 658 1822 715 fuerit.
1906 658 2213 720 Quamdiu
2242 659 2304 717 in

468 754 640 813 Italia
684 755 811 828 fuit,
843 775 1012 813 nemo
1042 756 1096 812 ei
1127 755 1185 811 in
1216 756 1342 812 acie
1371 755 1600 826 restitit,
1632 773 1804 811 nemo
1848 751 2127 812 adversus
2170 768 2306 812 eum

465 862 593 926 post
623 851 997 909 Cannensem
1027 869 1282 927 pugnam
1316 851 1373 906 in
1405 869 1610 924 campo
1640 860 1830 906 castra
1858 848 2066 924 posuit.

384 947 426 1002 5
546 946 652 1004 VI.
741 947 862 1004 Hic
889 946 1137 1004 invictus
1164 946 1409 1022 patriam
1440 945 1744 1001 defensum
1765 956 2067 1002 revocatus
2091 945 2308 1002 bellum

467 1042 647 1117 gessit
704 1039 977 1101 adversus
1032 1042 1096 1099 P.
1144 1040 1500 1117 Scipionem,
1543 1039 1725 1098 filium
1780 1040 1926 1115 ejus,
1969 1058 2141 1114 quem
2185 1040 2309 1116 ipse

466 1135 718 1212 primum
769 1139 920 1214 apud
975 1138 1355 1209 Rhodanum,
1400 1136 1605 1194 iterum
1652 1136 1799 1210 apud
1848 1135 2090 1208 Padum,
2132 1133 2305 1193 tertio

470 1233 621 1307 apud
683 1233 964 1290 Trebiam
1024 1234 1336 1307 fugaverat.
1456 1230 1609 1288 Cum
1678 1232 1809 1302 hoc,
1854 1230 2150 1288 exhaustis
2187 1230 2308 1306 jam

467 1326 668 1402 patriae
739 1328 1130 1400 facultatibus,
1201 1326 1420 1403 cupivit
1488 1326 2004 1402 impraesentiarum
2092 1326 2308 1384 bellum

356 1421 431 1478 lo
473 1441 841 1499 componere,
897 1421 1010 1497 quo
1067 1423 1346 1480 valentior
1393 1432 1593 1496 postea
1656 1421 2123 1497 congrederetur.
2235 1420 2307 1478 In

469 1516 819 1589 colloquium
889 1516 1180 1588 convenit,
1250 1515 1615 1574 conditiones
1702 1535 1819 1572 non
1889 1527 2305 1575 convenerunt.

470 1609 606 1667 Post
634 1611 691 1667 id
723 1612 939 1669 sactum
966 1610 1168 1686 paucis
1198 1610 1405 1667 diebus
1444 1611 1595 1686 apud
1640 1611 1888 1667 Zamam
1918 1630 2052 1668 cum
2097 1613 2303 1669 eodem

469 1705 748 1762 conflixit.
869 1706 1097 1778 Pulsus,
1143 1705 1487 1763 incredibile
1531 1706 1714 1778 dictu,
1761 1706 1939 1764 biduo
1980 1718 2038 1764 et
2080 1707 2309 1765 duabus

470 1800 739 1858 noctibus
795 1801 1222 1859 Hadrumetum
1276 1801 1559 1877 pervenit,
1610 1801 1761 1875 quod
1821 1802 1984 1859 abest
2034 1821 2068 1858 a
2118 1802 2308 1859 Zama

356 1897 430 1953 15
472 1893 703 1953 circiter
734 1896 913 1954 millia
939 1916 1215 1972 passuum
1239 1908 1519 1954 trecenta.
1605 1895 1676 1952 In
1707 1896 1818 1952 hac
1844 1896 1982 1972 suga
2010 1894 2306 1956 Numidae,

470 1990 568 2065 qui
598 1990 768 2048 simul
798 2011 931 2048 cum
962 2011 1031 2048 eo
1060 2011 1130 2049 ex
1162 1991 1287 2048 acie
1317 2001 1708 2062 excesserant,
1739 1990 1996 2048 insidiati
2035 2003 2169 2048 sunt
2211 1991 2266 2048 ei
2291 2013 2306 2061 ς

472 2104 615 2160 quos
643 2106 760 2144 non
791 2084 974 2145 solum
1004 2086 1227 2162 effugit,
1259 2087 1359 2143 sed
1389 2085 1565 2143 etiam
1609 2085 1761 2161 ipsos
1802 2085 2100 2161 oppressit.
2186 2087 2308 2144 Ha-

473 2181 722 2240 drumeti
777 2183 1025 2257 reliquos
1078 2201 1151 2239 ex
1200 2182 1339 2257 fuga
1394 2181 1643 2255 collegit.
1747 2180 1930 2239 Novis
1984 2182 2309 2240 delectibus

472 2276 676 2352 paucis
705 2276 911 2333 diebus
938 2277 1147 2334 multos
1176 2276 1481 2334 contraxit.

351 2373 434 2431 20
554 2372 694 2430 VII.
776 2372 982 2433 Quum
1012 2371 1071 2429 in
1103 2372 1432 2448 apparando
1464 2369 1742 2428 acerrime
1774 2382 1926 2429 esset
1966 2388 2307 2447 occupatus,

475 2467 992 2543 Carthaginienses
1046 2467 1260 2524 bellum
1318 2487 1452 2523 cum
1496 2467 1783 2524 Romanis
1840 2478 2305 2543 composuerunt.

475 2562 584 2621 Ille
638 2563 822 2622 nihilo
877 2560 1069 2621 secius
1118 2562 1400 2620 exercitui
1447 2574 1648 2638 postea
1689 2562 1935 2638 praefuit,
1991 2582 2195 2637 resque
2247 2562 2307 2619 in

478 2659 683 2717 Africa
710 2659 909 2735 gessit,
941 2659 1192 2733 itemque
1223 2658 1403 2734 Mago
1445 2659 1617 2716 frater
1647 2658 1791 2733 ejuS‚
1836 2678 2017 2732 usque
2056 2659 2128 2714 ad
2157 2658 2310 2714 Pub-

476 2754 617 2812 lium
675 2754 999 2830 Sulpicium
1055 2766 1114 2811 et
1168 2753 1379 2811 Caium
1433 2754 1739 2811 Aurelium
1796 2753 2098 2810 Consules
2193 2752 2308 2809 His

356 2852 438 2909 25
477 2848 636 2907 enim
678 2848 1106 2924 magistratibus
1148 2848 1323 2925 legati
1377 2847 1891 2923 Carthaginienses
1932 2847 2185 2905 Romam
2216 2866 2311 2904 ve-

476 2957 708 3017 nerunt,
738 2942 837 3019 qui
865 2943 1092 3001 senatui
1134 2943 1455 3019 populoque
1485 2943 1759 3000 Romano
1787 2942 2001 3017 gratias
2045 2952 2306 3017 agerent,

421 3082 425 3086 .
476 3038 631 3116 quod
675 3058 808 3096 cum
851 3038 942 3096 his
982 3058 1186 3115 pacem
1232 3039 1526 3110 fecissent,
1554 3038 1630 3095 ob
1670 3057 1911 3111 eamque
1940 3056 2062 3094 rem
2091 3037 2309 3094 corona

478 3136 651 3193 aurea
681 3154 780 3193 eos
808 3136 1109 3206 donarent,
1135 3134 1417 3208 simulque
1446 3143 1727 3208 peterent,
1758 3144 1822 3190 ut
1847 3132 2078 3190 obsides
2106 3151 2308 3188 eorum

477 3229 761 3305 Fregellis
789 3240 1002 3301 essent,
1034 3228 1370 3304 captivique·
1388 3228 1781 3285 redderentur.
1884 3227 1996 3284 His
2024 3246 2097 3284 ex
2127 3228 2310 3283 Sena-

357 3325 438 3385 30
478 3323 571 3383 tfis
626 3325 891 3382 consulto
943 3342 1280 3399 responsum
1338 3333 1463 3379 est:
1521 3327 1536 3353 ‘
1564 3321 1783 3378 Munus
1838 3340 2036 3379 eorum
2078 3334 2307 3397 gratum

480 3431 896 3494 acceptumque
926 3437 1054 3475 esse
1080 3438 1092 3487 ;
1135 3417 1387 3489 obsideS,
1418 3437 1530 3491 quo
1551 3418 1679 3473 loco
1708 3428 1997 3492 rogarent,
2042 3399 2305 3487 futuros3

479 3514 734 3589 captivos
763 3533 878 3570 non
908 3512 1265 3584 remissurOS,
1290 3510 1446 3586 quod
1489 3512 1903 3584 Hannibalem,
1935 3512 2102 3587 cujus
2132 3513 2310 3587 opera

480 3620 812 3683 susceptum
832 3608 1044 3665 bellum
1077 3609 1240 3679 soret,
1273 3606 1736 3663 inimicissimum
1761 3606 1983 3664 nomini
2014 3607 2310 3681 RomanO,
