2619 4349
1033 464 1425 517 HANNIBAL.
2152 463 2267 522 105

319 637 454 677 eum
484 619 782 680 Hannibal
819 624 1080 700 opprimi.
1165 629 1284 685 Sed
1328 627 1630 704 utrobique
1674 629 1970 686 Eumenes
2017 628 2149 706 plus

318 715 546 773 valebat
572 729 801 793 propter
839 719 1238 779 Romanorum
1268 723 1605 782 societatem
1631 743 1644 781 :
1688 744 1858 800 quem
1888 724 1937 782 si
1965 742 2150 784 remo-⁴

318 809 512 883 visset,
538 812 796 870 faciliora
824 814 934 870 sibi
963 827 1174 873 caetera
1202 818 1342 890 fore,
1375 817 1775 876 arbitrabatur.
1859 821 1958 877 Ad
1986 821 2146 878 hunc

319 905 786 964 interficiendum
840 910 1015 966 talem
1072 910 1201 969 iniit
1254 912 1555 971 rationem.
1688 913 1893 971 Classe
1942 915 2146 990 paucis

318 1001 523 1058 diebus
563 1013 728 1060 erant
769 1003 1077 1061 decreturi.
1162 1007 1556 1082 Superabatur
1605 1007 1841 1064 navium
1890 1009 2147 1067 multitu·
2184 1010 2224 1067 5

317 1095 470 1152 dine.
553 1096 702 1154 Dolo
724 1110 847 1155 erat
868 1100 1269 1175 pugnandum,
1293 1120 1470 1175 quum
1498 1120 1600 1176 par
1623 1120 1740 1159 non
1771 1112 1923 1158 esset
1952 1104 2143 1160 armis.

316 1190 628 1266 Imperavit
691 1191 864 1267 quam
930 1194 1206 1270 plurimas
1262 1207 1578 1252 venenatas
1648 1207 1943 1270 serpentes
1990 1195 2146 1254 vivas

316 1286 530 1362 colligi,
572 1307 781 1362 easque
832 1288 891 1346 in
942 1276 1079 1347 vasa
1125 1289 1329 1347 fictilia
1376 1289 1607 1365 conjici.
1693 1289 1919 1347 Harum
1967 1309 2145 1365 quum

316 1382 662 1440 confecisset
683 1403 953 1458 magnam
980 1385 1432 1457 multitudinem,
1457 1384 1551 1441 die
1581 1384 1724 1461 ipsc,
1749 1404 1862 1459 quo
1885 1386 2144 1443 facturus

314 1487 437 1533 erat
464 1478 664 1533 navale
691 1478 977 1552 proelium,
1016 1478 1343 1537 classiarios
1371 1492 1672 1553 convocat,
1696 1479 1900 1555 hisque
1943 1479 2144 1556 praeci-
2187 1481 2261 1538 10

311 1570 396 1646 pit
423 1591 624 1628 omnes
654 1584 715 1630 ut
745 1572 802 1628 in
834 1592 1009 1629 unam
1040 1573 1323 1632 Eumenis
1351 1574 1505 1650 regis
1535 1587 1886 1633 concurrant
1912 1595 2141 1649 navem,

314 1683 349 1723 a
376 1667 599 1724 caeteris
628 1667 852 1725 tantum
883 1667 1023 1726 satis
1050 1670 1302 1727 habeant
1331 1689 1392 1726 se
1423 1671 1752 1727 defendere.
1868 1670 1939 1727 Id
1969 1669 2141 1728 facile

313 1761 440 1819 illos
469 1763 820 1838 serpentium
849 1763 1218 1821 multitudine
1249 1777 1682 1823 consecuturos.
1780 1765 1916 1823 Rex
1947 1760 2141 1824 autem

312 1856 372 1914 in
402 1858 515 1933 qua
544 1877 689 1915 nave
717 1859 1040 1932 veheretur,
1071 1871 1135 1917 ut
1162 1859 1400 1932 scirent,
1431 1878 1493 1916 se
1522 1860 1808 1917 facturum
1834 1881 1848 1930 ;
1891 1880 2062 1935 quem
2092 1860 2141 1918 si

312 1967 410 2014 aut
438 1954 746 2035 cepissent,
777 1965 874 2012 aut
903 1953 1348 2033 interfecissent,
1378 1973 1590 2036 magno
1617 1954 1708 2013 his
1735 1956 2037 2038 pollicetur
2077 1956 2133 2018 id
2181 1957 2257 2017 15

308 2050 546 2127 praemio
576 2053 711 2110 fore.

387 2147 500 2207 XI.
583 2149 720 2208 Tali
788 2150 1184 2211 cohortatione
1255 2152 1504 2212 militum
1562 2154 1738 2228 facta,
1794 2153 1995 2212 classis
2067 2155 2140 2212 ab

308 2244 564 2321 utrisque
607 2246 665 2303 in
714 2247 979 2323 proelium
1028 2248 1354 2307 deducitur.
1436 2250 1707 2311 Quarum
1759 2249 1884 2308 acie
1928 2250 2141 2308 consti-

309 2341 455 2414 tuta,
508 2340 840 2418 priusquam
882 2342 1112 2419 signum
1154 2364 1366 2420 pugnae
1415 2345 1669 2417 daretur,
1713 2344 2033 2416 Hannibal,
2078 2335 2141 2403 ut

307 2436 500 2515 palam
531 2438 744 2496 faceret
772 2437 911 2511 suis,
942 2458 1053 2513 quo
1081 2439 1209 2496 loco
1243 2438 1540 2496 Eumenes
1569 2450 1743 2511 esset,
1773 2439 2139 2497 tabellarium
2177 2438 2258 2495 20

308 2533 368 2590 in
399 2532 616 2608 scapha
643 2551 777 2590 cum
806 2533 1067 2590 caduceo
1095 2532 1269 2590 mittit
1292 2552 1307 2602 ;
1352 2532 1450 2607 qui
1478 2532 1577 2589 ubi
1618 2534 1690 2589 ad
1717 2552 1894 2589 naves
1945 2519 2142 2590 adver-

307 2627 588 2685 sariorum
635 2627 915 2703 pervenit,
944 2626 1244 2703 epistolam
1292 2627 1627 2699 ostendens,
1670 2646 1731 2684 se
1781 2646 1976 2702 regem
2014 2646 2141 2701 pro-

308 2724 493 2780 fessus
522 2733 608 2779 est
635 2741 907 2796 quaerere.
1020 2721 1228 2778 Statim
1259 2722 1331 2777 ad
1361 2721 1686 2777 Eumenem
1717 2721 2001 2778 deductus
2029 2732 2138 2793 est,

307 2816 463 2891 quod
509 2836 681 2874 nemo
724 2816 1043 2889 dubitabat,
1090 2816 1303 2890 aliquid
1356 2815 1428 2873 de
1476 2835 1623 2891 pace
1672 2835 1800 2873 esse
1844 2816 2137 2891 scriptum.

306 2911 694 2984 Tabellarius,
750 2912 915 2968 ducis
960 2932 1105 2968 nave
1161 2911 1457 2969 declarata
1506 2911 1645 2983 suiS‚
1701 2909 1930 2983 eodem,
1984 2912 2137 2967 unde
2176 2910 2257 2966 25

308 3007 471 3079 ierat,
504 3027 564 3064 se
587 3007 822 3082 recepit.
907 3007 988 3063 At
1020 3006 1337 3078 EumeneS,
1369 3006 1556 3063 soluta
1606 3005 1870 3081 epistola,
1901 3005 2045 3061 nihil
2077 3006 2137 3062 in

306 3103 377 3159 ea
421 3102 651 3177 reperit,
708 3101 821 3159 nisi
875 3103 1029 3176 quod
1081 3103 1152 3159 ad
1210 3101 1571 3158 irridendum
1614 3118 1746 3155 eum
1783 3098 2135 3173 pertineret:

307 3198 474 3272 cujus
503 3198 611 3255 etsi
642 3217 879 3255 causam
912 3197 1249 3269 mirabatur,
1280 3215 1468 3271 neque
1502 3193 1914 3271 reperiebatur,
1944 3205 2140 3252 tamen

307 3294 571 3369 proelium
613 3292 805 3351 statim
849 3292 1209 3351 committere
1256 3311 1374 3349 non
1421 3289 1720 3348 dubitavit.
1804 3288 2030 3346 Horum
2081 3289 2139 3347 in

305 3408 593 3447 concursu
623 3388 882 3462 Bithyni,
914 3387 1264 3444 Hannibalis
1292 3398 1601 3464 praecepto,
1630 3384 1883 3441 universi
1931 3405 2137 3443 navem
2179 3387 2257 3444 30

307 3485 589 3542 Eumenis
632 3483 1002 3542 adoriuntur:
1046 3502 1289 3557 quorum
1332 3482 1446 3538 vim
1489 3499 1666 3555 quum
1709 3499 1812 3537 rex
1854 3480 2138 3538 sustinere

305 3601 422 3638 non
465 3590 676 3655 posset,
708 3578 842 3653 fuga
887 3578 1131 3635 salutem
1171 3576 1371 3652 petiit3
1415 3595 1587 3650 quam
1629 3585 1976 3632 consecutus
2020 3594 2136 3631 non

306 3685 479 3747 esset,
509 3673 622 3729 nisi
665 3672 816 3731 intra
844 3692 949 3729 sua
975 3671 1243 3748 praesidia
1271 3691 1332 3728 se
1363 3670 1696 3747 recepisset,
1726 3687 1852 3743 quae
1882 3667 1941 3724 in
1970 3687 2136 3743 prox-
