2619 4349
361 432 439 490 68
1122 437 1493 487 EPAMINOh
1505 447 1659 487 uAs.

479 598 709 655 crimini
738 597 972 669 dabant,
1002 596 1333 672 omniaque,
1377 616 1505 672 quae
1555 596 1792 670 collegae
1834 594 2121 666 dixerant,
2166 602 2306 652 cori—

480 695 664 752 fessus
712 705 819 764 est,
870 711 1056 766 neque
1105 691 1411 762 recusavit,
1460 689 1573 765 quo
1626 687 1819 747 minsis
1871 689 2018 764 legis
2053 707 2303 765 poenam

479 788 737 857 subiret;
790 787 892 843 sed
948 805 1127 843 unum
1186 787 1257 843 ab
1302 786 1373 843 iis
1420 786 1641 862 petivit,
1691 797 1754 842 ut
1794 784 1854 841 in
1896 784 2155 860 periculo
2198 804 2304 842 suo

479 883 889 940 inscriberent:
934 881 1376 957 Epaminondas
1417 901 1455 937 a
1504 881 1791 938 Thebanis
1835 889 2008 937 morte
2031 882 2303 937 multatus

399 981 441 1040 5
480 988 582 1051 est,
613 976 770 1055 quod
794 997 882 1035 eos
914 978 1104 1050 coe’git
1133 977 1294 1053 apud
1332 977 1590 1033 Leuctra
1629 996 1898 1052 superare
1942 976 2303 1032 Lacedcemo·

477 1075 624 1146 πὶοε,
648 1093 784 1150 quos
798 1080 929 1129 ante
947 1092 1002 1129 se
1020 1073 1412 1148 imperatorem
1434 1089 1586 1128 nemo
1611 1071 1968 1128 Boeotiorum
1991 1070 2303 1147 ausnsfait

478 1170 731 1245 aspicere
759 1169 820 1224 in
850 1168 971 1224 acie
994 1187 1014 1222 .·
1058 1164 1316 1242 quddque
1343 1186 1453 1223 uno
1471 1167 1681 1242 proelio
1704 1186 1815 1222 non
1854 1163 2033 1223 solam
2074 1167 2301 1224 Thebas

477 1265 550 1320 ab
564 1263 800 1320 interitu
823 1263 1086 1334 retraxit,
1105 1261 1206 1318 sed
1217 1262 1388 1318 etiam
1404 1261 1728 1317 nniversam
1747 1261 2035 1317 Graeciam
2058 1261 2118 1316 in
2137 1261 2301 1317 liber-

478 1366 648 1414 tatem
677 1357 1014 1428 vindicavit,
1045 1353 1215 1431 edque
1241 1375 1331 1412 res
1358 1364 1720 1431 utrorumque
1736 1356 2031 1431 perduxit,
2059 1364 2124 1412 ut
2157 1356 2303 1414 lee-

371 1455 439 1510 to
480 1452 617 1508 bani
645 1452 922 1526 Spartam
949 1459 1370 1526 oppugnarent,
1402 1451 1828 1507 Lacedaemonii
1844 1448 1991 1506 satis
2008 1451 2298 1520 haberent,

477 1548 530 1603 si
557 1546 704 1602 salvi
731 1566 844 1602 esse
861 1553 1128 1620 possent,·
1168 1565 1342 1620 neque
1359 1543 1538 1621 priics
1578 1546 1782 1602 bellare
1821 1545 2062 1618 destitit,
2104 1544 2296 1621 qudm,

478 1639 741 1698 Blessenei
756 1639 1087 1712 constitutd,
1116 1641 1305 1697 urbem
1325 1660 1510 1697 eorum
1529 1641 1815 1697 obsidione
1833 1643 2057 1698 clausit.
2145 1641 2297 1699 Haec

476 1758 653 1814 quum
682 1738 940 1809 dixisset,
970 1737 1118 1794 risus
1144 1737 1405 1795 omnium
1434 1757 1567 1794 cum
1599 1736 1885 1795 hilaritate
1916 1740 2147 1796 coortus
2176 1749 2296 1795 est·

477 1852 663 1908 neque
692 1832 992 1908 quisquam
1015 1832 1195 1907 judex
1224 1851 1397 1888 ausus
1426 1843 1513 1890 est
1541 1832 1613 1888 de
1643 1851 1712 1889 eo
1753 1832 1899 1888 ferre
1940 1831 2296 1907 suffragium.

367 1930 438 1986 15
479 1928 580 1985 Sic
609 1947 642 1984 a
664 1927 885 2003 judicio
914 1927 1121 2002 capitis
1149 1926 1400 1983 maxima
1424 1926 1690 1984 discessit
1717 1925 1917 2001 gloria.

555 2022 665 2079 IX.
749 2021 867 2079 Hic
896 2033 1152 2079 extremo
1165 2034 1420 2097 tempore
1435 2021 1742 2096 imperator
1761 2022 1911 2096 apud
1933 2020 2298 2080 Mantineam

474 2137 648 2194 quum
691 2116 815 2174 acie
856 2116 1135 2174 instructa
1179 2114 1458 2176 audacihs
1499 2116 1738 2174 instaret
1775 2117 1988 2189 hosteS‚
2030 2116 2299 2192 cognitus

477 2230 508 2268 a
549 2211 1027 2284 Lacedaemoniis,
1076 2209 1229 2285 quod
1287 2211 1347 2267 in
1402 2211 1575 2268 unius
1621 2211 1881 2287 pernicie
1930 2211 2056 2286 ejus
2097 2212 2297 2287 patriae

475 2309 642 2367 sitam
690 2309 970 2384 putabant
1025 2310 1288 2380 salutem,
1346 2308 1599 2365 universi
1655 2308 1715 2365 in
1770 2329 1952 2366 unum
2018 2309 2296 2385 impetum

357 2405 437 2462 20
478 2404 757 2475 fecerunt,
788 2422 974 2478 neque
1002 2401 1161 2479 prins
1190 2404 1616 2475 abscesserunt,
1647 2402 1839 2478 quam,
1880 2405 2092 2479 magna
2134 2406 2297 2464 caede

475 2497 649 2569 facta,
679 2496 984 2571 multisque
1005 2495 1235 2570 occisiS,
1266 2495 1572 2555 fortissime
1605 2497 1790 2573 ipsum
1829 2498 2295 2573 Epaminondam

471 2605 847 2670 pugnantem,
898 2614 1065 2669 sparo
1119 2594 1349 2651 eminus
1388 2614 1747 2670 percussum,
1788 2595 2097 2653 concidere
2138 2595 2293 2653 vide·

471 2699 623 2745 runt.
706 2687 899 2762 Hujus
947 2707 1087 2745 casu
1144 2687 1502 2763 aliquanthm
1552 2688 1824 2747 retardati
1874 2702 2009 2748 sunt
2048 2690 2289 2760 Boeotiif

474 2801 661 2857 neque
684 2793 877 2839 tamen
906 2781 1065 2858 prins
1086 2785 1283 2858 pugna
1313 2796 1708 2855 excesserunt,
1752 2782 1924 2858 quam
1971 2805 2294 2861 repugnan-

355 2878 436 2935 25
474 2888 561 2935 tes
588 2875 980 2952 profligarunt.
1064 2879 1147 2934 At
1175 2877 1611 2953 Epaminondas
1659 2897 1835 2952 quum
1878 2878 2298 2939 animadverte-

472 2982 579 3044 ret,
609 2970 965 3029 mortiferum
994 2990 1055 3028 se
1085 2972 1292 3028 vulnus
1324 2970 1639 3047 accepisse,
1669 2971 1950 3046 simulque
1980 2973 2029 3029 si
2059 2975 2296 3051 ferrum,

473 3067 623 3142 quod
653 3085 726 3123 ex
747 3065 940 3124 hastili
969 3066 1028 3121 in
1068 3085 1305 3140 corpore
1354 3077 1725 3137 remanserat,
1770 3066 2129 3141 extraxisset,
2176 3071 2297 3127 ani-

472 3181 623 3219 mam
680 3161 868 3218 statim
925 3160 1267 3216 emissurum
1299 3180 1313 3217 :
1383 3178 1562 3233 usque
1636 3157 1707 3216 eo
1779 3159 2035 3235 retinuit,
2106 3166 2295 3237 quoad

472 3256 864 3314 renuntiatum
892 3266 999 3325 est,
1029 3253 1236 3310 vicisse
1266 3252 1537 3311 Boeotios.
1622 3253 1691 3310 Id
1719 3263 2018 3329 postquam
2046 3258 2294 3318 audivit:

354 3351 433 3408 :30
474 3346 660 3421 Satis,
691 3348 895 3423 inquit,
935 3348 1055 3404 vizi
1075 3368 1096 3411 ,-
1149 3348 1397 3404 invictus
1445 3348 1589 3405 enim
1632 3350 1859 3406 morior.
1943 3350 2101 3418 Tum
2145 3354 2298 3413 ferro

471 3453 730 3501 extracto
757 3441 1060 3499 confestim
1090 3441 1453 3500 exanimatus
1480 3454 1584 3501 est.

551 3537 630 3595 X.
714 3536 832 3594 Hic
887 3556 1122 3594 uxorem
1172 3556 1467 3613 nunquam
1537 3538 1717 3597 duxit.
1827 3539 1899 3597 In
1954 3547 2066 3616 qud
2118 3562 2294 3616 quum

472 3632 1008 3709 reprehenderetur,
1036 3631 1189 3708 quod
1212 3632 1423 3691 liberos
1452 3653 1568 3691 non
1612 3634 1979 3710 relinqueret,
2026 3655 2059 3693 a
2096 3636 2298 3715 Pelop-
