2619 4349
316 424 397 484 26
1136 430 1595 483 ALCIBIADES.

438 594 795 672 gerendum;
838 594 941 652 sed
997 592 1080 652 ita
1126 592 1365 670 scripta,
1413 604 1480 652 ut
1527 592 1768 652 deorum
1810 591 2100 652 videretur
2145 612 2283 652 con-

437 709 646 768 gruere
668 689 995 773 sententiae,
1023 707 1198 765 quam
1225 689 1324 748 ille
1352 709 1416 748 se
1444 688 1779 750 habiturum
1805 689 2060 767 pecunia
2093 690 2283 750 fidens

438 807 557 846 non
598 787 920 847 dubitabat.
1013 787 1190 847 Hanc
1230 788 1287 847 ei
1329 787 1631 867 scripsisse
1672 789 1860 849 Cleon
1903 788 2280 848 Halicarnas-

438 902 574 943 seus
601 882 832 944 dicitur.

356 980 399 1039 5
517 979 626 1038 IV.
710 980 1047 1064 Atque-hoc
1086 980 1216 1040 loco
1257 999 1377 1040 non
1417 991 1507 1039 est
1549 980 2018 1057 praetereundum
2060 981 2280 1041 sactum

437 1076 832 1150 Pharnabazi,
887 1076 1132 1154 satrapis
1197 1075 1398 1153 Regii.
1521 1074 1679 1135 Nam
1743 1096 1922 1153 quum
1976 1076 2280 1153 Lysander

436 1173 747 1250 praesectus
798 1173 1003 1231 classis
1057 1173 1118 1230 in
1172 1171 1327 1231 bello
1380 1173 1564 1231 multa
1618 1172 1932 1232 crudeliter
1992 1172 2280 1249 avareque

439 1268 693 1343 fecisset,
723 1269 909 1345 deque
939 1269 1030 1327 his
1067 1269 1242 1328 rebus
1284 1268 1676 1345 suspicaretur
1706 1269 1779 1326 ad
1802 1268 1959 1327 cives
1988 1289 2123 1327 suos
2150 1288 2279 1327 esse

437 1365 745 1443 perlatum,
772 1364 939 1441 petiit
968 1384 1003 1422 a
1029 1365 1438 1437 Pharnabazo,
1467 1374 1531 1423 ut
1561 1364 1633 1422 ad
1678 1363 1943 1441 Ephoros
1983 1363 2094 1422 sibi
2121 1363 2281 1423 testi-

323 1460 415 1539 10,
439 1459 699 1520 monium
734 1460 920 1534 daret,
949 1461 1167 1535 quanta
1196 1459 1508 1519 sanctitate
1535 1459 1754 1518 bellum
1794 1460 2090 1537 gessisset,
2134 1460 2280 1519 soci-

437 1576 616 1633 osque
643 1557 971 1630 tractasset,
1001 1557 1188 1632 deque
1233 1557 1303 1614 ea
1340 1576 1402 1614 re
1443 1554 1718 1614 accurate
1764 1556 2079 1626 scriberet;
2121 1575 2281 1633 mag·

439 1672 577 1712 nam
605 1653 763 1710 enim
805 1653 932 1730 ejus
976 1652 1380 1712 auctoritatem
1427 1652 1488 1709 in
1533 1652 1605 1709 ea
1648 1671 1710 1710 re
1756 1652 2028 1710 futuram.
2114 1651 2277 1709 Huic

439 1749 535 1808 ille
563 1749 879 1808 liberaliter
906 1748 1228 1825 pollicetur.
1330 1748 1571 1806 Librum
1601 1767 1835 1825 gravem
1864 1748 2063 1807 multis
2093 1748 2280 1806 verbis

444 1844 810 1922 conscripsit,
841 1844 898 1902 in
930 1864 1043 1921 quo
1070 1843 1314 1902 summis
1358 1864 1494 1902 eum
1539 1845 1649 1903 sert
1692 1845 1980 1903 laudibus.
2078 1844 2279 1907 Quem

323 1944 400 2002 15
439 1961 618 2020 quum
672 1941 911 2019 legisset
962 1941 1398 2017 probassetque,
1441 1940 1581 1998 dum
1627 1941 1989 2017 obsignatur,
2035 1941 2279 1999 alterum

436 2037 564 2116 pari
610 2036 1036 2116 magnitudine,
1082 2036 1245 2095 tanta
1295 2036 1699 2110 similitudine,
1750 2048 1814 2096 ut
1858 2037 2114 2095 discerni
2161 2057 2277 2095 non

438 2144 651 2213 posset,
704 2134 998 2211 signatum
1025 2117 1323 2210 subjecit,
1368 2131 1428 2191 in
1477 2152 1591 2209 quo
1655 2131 2094 2192 accuratissime
2154 2133 2281 2211 ejus

440 2228 738 2288 avaritiam
767 2228 1182 2306 perfidiamque
1228 2228 1551 2287 accusarat.
1636 2229 1798 2286 Hinc
1842 2229 2145 2305 Lysander
2183 2231 2282 2290 do-

438 2344 599 2384 mum
627 2343 805 2401 quum
833 2323 1100 2398 redisset,
1128 2335 1433 2402 postquam
1462 2324 1536 2382 de
1566 2324 1687 2383 suis
1713 2326 1889 2383 rebus
1917 2327 2096 2403 gestis
2127 2327 2279 2403 apud

316 2424 398 2483 20
439 2422 757 2481 maximum
818 2420 1242 2497 magistratum,
1313 2439 1441 2496 quae
1510 2421 1788 2493 voluerat,
1857 2420 2102 2496 dixerat,
2171 2433 2282 2480 tes-

436 2516 667 2578 timonii
719 2517 850 2577 loco
903 2517 1115 2576 librum
1186 2535 1222 2574 a
1295 2516 1683 2576 Pharnabazo
1752 2518 1953 2577 datum
2009 2517 2279 2577 —tradidit.

437 2614 640 2688 Hunc,
671 2614 937 2673 submoto
964 2613 1287 2691 Lysandro,
1309 2631 1488 2689 quum
1518 2613 1739 2692 Ephori
1768 2613 2141 2692 cognossent,
2172 2614 2278 2691 ipsi

436 2710 750 2787 legendum
775 2710 1076 2769 dederunt.
1190 2708 1287 2769 Ita
1315 2710 1411 2769 ille
1441 2710 1779 2788 imprudens
1823 2711 1946 2789 ipse
1991 2731 2130 2769 suus
2174 2710 2283 2769 suit

439 2816 761 2865 accusator.

888 3274 1034 3336 VII.
1117 3271 1824 3335 ALCIBIADES.

319 3474 403 3537 25
519 3470 571 3534 I.
653 3468 1017 3543 Alcibiades,
1063 3467 1276 3527 Clinia
1296 3466 1497 3545 filius,
1538 3466 1928 3560 Atheniensis.
2051 3465 2125 3524 In
2169 3466 2283 3525 hoc

438 3578 669 3643 natura,
705 3565 848 3643 quid
889 3565 1123 3625 efficere
1163 3562 1368 3643 possit,
1411 3562 1640 3625 videtur
1686 3575 1941 3642 experta.
2036 3563 2285 3623 Constat

439 3662 601 3725 enim
627 3663 780 3724 inter
805 3680 1032 3736 omnes,
1059 3659 1160 3739 qui
1187 3662 1262 3721 de
1289 3680 1363 3722 eo
1388 3660 1681 3721 memoriae
1709 3660 2110 3740 prodiderunt,
2134 3658 2283 3718 nihil
