2619 4349
1070 377 1495 427 AGESILAUS.
1893 363 1904 374 ⁸
2229 364 2309 422 77

358 537 477 597 sore
501 537 739 610 videret,
769 535 817 594 si
848 536 1307 594 animadversum
1341 546 1513 608 esset,
1545 553 1871 610 quenquam
1897 533 1967 591 ad
1998 533 2191 591 hostes

357 635 718 710 transfugere
748 630 966 705 conari,
996 651 1130 688 cum
1160 630 1280 688 suis
1308 627 1380 688 eo
1410 629 1587 702 venit,
1620 641 1810 704 atque,
1840 640 1904 686 ut
1953 627 2002 685 si
2039 629 2192 686 bono

358 729 551 786 animo
599 727 892 800 fecissent,
923 726 1177 784 laudavit
1234 725 1541 784 consilium
1597 744 1817 797 eorum,
1848 722 2003 800 quod
2054 742 2189 781 eum

357 823 548 882 locum
576 823 981 898 occupassent,
1013 833 1071 879 et
1099 841 1159 878 se
1190 820 1245 877 id
1286 841 1511 896 quoque
1541 819 1664 877 fieri
1695 821 1906 878 debere
1937 808 2194 877 animad-

357 918 612 975 vertisse.
699 917 799 974 Sic
841 917 1302 975 adolescentulos
1344 916 1614 974 simulata
1655 916 1989 975 laudatione
2030 935 2194 974 recu·
2233 915 2274 973 5

356 1013 595 1090 peravit,
652 1023 712 1070 et
766 1011 1056 1087 adjunctis
1110 1013 1190 1068 dev
1237 1011 1357 1068 suis
1412 1011 1723 1070 comitibus
1769 1012 1962 1070 locum
2004 1022 2194 1070 tutum

360 1108 604 1183 reliquit.
688 1107 958 1183 Namque
988 1106 1091 1179 illi,
1123 1118 1294 1164 aucto
1324 1126 1566 1164 numero
1592 1126 1812 1177 eorum,
1856 1106 1955 1181 qui
1996 1126 2196 1182 exper-

361 1215 446 1261 tes
479 1214 644 1260 erant
684 1202 932 1275 consilii,
976 1220 1338 1259 commovere
1381 1221 1442 1258 se
1485 1221 1601 1259 non
1645 1212 1780 1259 sunt
1823 1199 1968 1273 ausi,
2011 1198 2196 1275 eoque

361 1296 655 1371 libentius,
685 1296 838 1374 quod
867 1299 1046 1355 latere
1078 1297 1521 1368 arbitrabantur,
1552 1315 1677 1372 quae
1708 1295 2049 1372 cogitarant.

437 1391 577 1449 VII.
664 1393 805 1450 Sine
841 1392 1019 1449 dubio
1047 1404 1173 1467 post
1216 1391 1585 1449 Leuctricam
1625 1411 1880 1467 pugnam
1923 1391 2199 1448 Lacedae-
2242 1392 2316 1448 10

362 1487 539 1544 monii
569 1507 629 1544 se
653 1507 950 1563 nunquam
975 1489 1325 1560 refecerunt,
1351 1507 1538 1561 neque
1560 1486 1865 1562 pristinum
1891 1486 2195 1563 imperium

362 1583 826 1658 recuperarunt:
891 1602 1067 1658 quum
1124 1582 1354 1639 interim
1414 1582 1725 1657 Agesilaiis
1780 1601 1898 1639 non
1955 1580 2195 1654 destitit,

361 1677 804 1752 quibuscunque
847 1678 1019 1734 rebus
1046 1689 1258 1753 posset,
1281 1676 1523 1752 patriam
1541 1677 1759 1753 juvare.
1845 1676 2000 1733 Nam
2019 1696 2194 1752 quum

361 1770 653 1848 praecipue
679 1771 1112 1830 Lacedaemonii
1143 1771 1473 1847 indigerent
1496 1771 1767 1847 pecunia,
1794 1771 1888 1828 ille
1905 1771 2195 1844 omnibus,

361 1867 457 1942 qui
502 1886 535 1922 a
576 1886 711 1942 rege
755 1867 1108 1939 defecerant,
1151 1866 1421 1943 praesidio
1465 1865 1609 1923 fuit:
1658 1884 1692 1921 a
1732 1864 1941 1939 quibus
1983 1866 2197 1941 magnii
2244 1866 2317 1921 15

363 1962 610 2019 donatus
638 1961 909 2037 pecunia,
939 1961 1183 2036 patriam
1203 1959 1538 2017 sublevavit.
1624 1961 1819 2034 Atque
1844 1958 1902 2015 in
1921 1961 2033 2017 boc
2057 1960 2197 2017 illud

363 2055 643 2130 imprimis
674 2055 779 2113 fuit
809 2055 1186 2125 admirabile3
1230 2075 1407 2130 quum
1450 2053 1704 2111 maxima
1745 2074 1988 2111 munera
2029 2054 2084 2112 ei
2128 2056 2200 2112 ab

362 2150 597 2227 regibus
650 2163 708 2209 et
762 2150 1023 2226 dynastis
1085 2149 1530 2225 civitatibusque
1592 2149 2011 2222 conferrentur,
2054 2148 2197 2207 nihil

364 2266 614 2322 unquam
652 2246 768 2325 [in]
802 2248 1034 2304 domum
1059 2266 1222 2303 suam
1248 2246 1513 2319 contulit,
1545 2244 1687 2302 nihil
1720 2246 1792 2302 de
1834 2244 2011 2318 victu,
2055 2244 2199 2302 nihil

363 2344 435 2400 (le
465 2342 674 2400 vestitu
703 2341 1004 2399 Laconum
1035 2342 1292 2399 mutavit.
1379 2341 1569 2399 Domo
1598 2342 1804 2398 eadem
1837 2341 1944 2399 fuit
1966 2353 2202 2399 conten·
2238 2342 2321 2402 20

363 2453 476 2510 tus,
506 2438 619 2512 qua
647 2436 1064 2511 EurystheneS‚
1108 2433 1438 2512 progenitor
1463 2437 1740 2513 majorum
1783 2455 2039 2509 suorum,
2085 2419 2204 2494 fue-

364 2543 452 2591 rat
494 2552 669 2589 usus:
713 2551 884 2606 quam
929 2532 1026 2606 qui
1071 2531 1334 2602 intrarat,
1377 2532 1600 2588 nullum
1645 2531 1876 2606 signum
1918 2530 2198 2603 libidinis,

366 2628 586 2686 nullum
609 2626 848 2684 luxuriae
873 2626 1067 2683 videre
1091 2637 1347 2701 poterat3
1393 2617 1615 2697 contra,
1640 2624 1887 2700 plurima
1906 2624 2201 2700 patientias

367 2734 536 2797 atque
568 2721 950 2780 abstinentiae.
1038 2721 1138 2777 Sic
1168 2721 1321 2777 enim
1354 2732 1478 2778 erat
1524 2720 1823 2793 instructa,
1855 2731 1918 2778 ut
1946 2719 2107 2777 nulla
2137 2719 2197 2778 in

367 2836 427 2875 re
457 2817 711 2875 differret
739 2836 773 2874 a
800 2816 1054 2892 cujusvis
1085 2816 1270 2892 inopis
1301 2828 1470 2891 atque
1499 2815 1723 2892 privati.
2238 2815 2318 2873 25

446 2911 620 2969 VIII.
707 2912 900 2986 Atque
944 2911 1040 2968 hic
1084 2923 1278 2969 tantus
1321 2912 1426 2983 vir,
1469 2923 1532 2969 ut
1573 2922 1839 2968 naturam
1897 2908 2200 2969 fautricem

369 3008 644 3065 habuerat
690 3006 748 3063 in
791 3006 1115 3065 tribuendis
1161 3005 1339 3061 animi
1382 3005 1708 3077 virtutibus,
1753 3004 1837 3061 sic
1880 3004 2202 3061 maleficam

367 3115 574 3161 nactus
615 3114 702 3160 est
745 3102 803 3158 in
847 3120 1085 3177 corpore
1129 3101 1420 3176 fingendo.
1532 3099 1685 3156 Nam
1738 3110 1796 3157 et
1838 3097 2055 3156 statura
2098 3098 2206 3156 suit

368 3197 592 3271 humili,
622 3209 679 3255 et
702 3217 939 3273 corpore
970 3198 1201 3274 exiguo,
1232 3208 1290 3255 et
1320 3196 1563 3253 claudus
1595 3196 1773 3253 altero
1800 3194 1965 3270 pede.
2048 3192 2203 3255 Quae

368 3314 459 3350 res
513 3293 686 3351 etiam
743 3293 1081 3349 nonnullam
1139 3293 1416 3350 afferebat
1465 3289 1906 3349 deformitatem.
2010 3289 2205 3364 Atque
2246 3289 2325 3347 30

371 3388 551 3464 ignoti
581 3388 786 3445 faciem
817 3387 942 3463 ejus
971 3406 1146 3461 quum
1172 3387 1554 3458 intuerentur,
1580 3385 2064 3444 contemnebant:
2108 3383 2205 3458 qui

370 3494 562 3540 autem
606 3482 842 3539 virtutes
885 3493 1183 3554 noverant,
1228 3502 1344 3564 non
1409 3491 1673 3556 poterant
1733 3478 2004 3537 admirari
2047 3475 2203 3536 satis,

368 3577 548 3638 Quod
591 3577 645 3633 oi
690 3597 796 3634 usu
840 3578 1017 3650 venit,
1060 3595 1235 3653 quum
1281 3596 1559 3633 annorum
1611 3576 1906 3651 octoginta
1950 3573 2207 3631 subsidio

768 3674 804 3729 7
834 3672 867 3706 ιιι
