<?xml version="1.0" encoding="UTF-8"?>
<!DOCTYPE html PUBLIC "-//W3C//DTD XHTML 1.0 Transitional//EN"
    "http://www.w3.org/TR/xhtml1/DTD/xhtml1-transitional.dtd">
<html xmlns="http://www.w3.org/1999/xhtml" xml:lang="en" lang="en">
 <head>
  <title>
</title>
<meta http-equiv="Content-Type" content="text/html;charset=utf-8" />
  <meta name='ocr-system' content='tesseract 3.04.00' />
  <meta name='ocr-capabilities' content='ocr_page ocr_carea ocr_par ocr_line ocrx_word'/>
</head>
<body>
  <div class='ocr_page' id='page_1' title='image "./devitaexcellent02bremgoog_0132.png"; bbox 0 0 2619 4349; ppageno 0'>
   <div class='ocr_carea' id='block_1_1' title="bbox 341 349 1804 407">
    <p class='ocr_par' dir='ltr' id='par_1_1' title="bbox 341 349 1804 407">
     <span class='ocr_line' id='line_1_1' title="bbox 341 349 1804 407; baseline -0.003 -2"><span class='ocrx_word' id='word_1_1' title='bbox 341 349 453 407; x_wconf 77' lang='lat'><strong>122</strong></span> <span class='ocrx_word' id='word_1_2' title='bbox 934 355 994 404; x_wconf 86' lang='grc' dir='ltr'><strong>Τ.</strong></span> <span class='ocrx_word' id='word_1_3' title='bbox 1029 353 1443 404; x_wconf 82' lang='lat' dir='ltr'>POMPONIUS</span> <span class='ocrx_word' id='word_1_4' title='bbox 1476 352 1804 404; x_wconf 84' lang='lat' dir='ltr'>ATTICUS.</span> 
     </span>
    </p>
   </div>
   <div class='ocr_carea' id='block_1_2' title="bbox 340 511 2299 3633">
    <p class='ocr_par' dir='ltr' id='par_1_2' title="bbox 340 511 2299 3633">
     <span class='ocr_line' id='line_1_2' title="bbox 451 511 2282 591; baseline -0.008 -15"><span class='ocrx_word' id='word_1_5' title='bbox 451 516 614 576; x_wconf 84' lang='lat' dir='ltr'><strong>libris</strong></span> <span class='ocrx_word' id='word_1_6' title='bbox 641 516 786 574; x_wconf 87' lang='lat' dir='ltr'><strong>nihil</strong></span> <span class='ocrx_word' id='word_1_7' title='bbox 813 525 1003 591; x_wconf 85' lang='lat' dir='ltr'><strong>potest</strong></span> <span class='ocrx_word' id='word_1_8' title='bbox 1022 533 1152 571; x_wconf 90' lang='lat' dir='ltr'><strong>esse</strong></span> <span class='ocrx_word' id='word_1_9' title='bbox 1191 512 1420 570; x_wconf 89' lang='lat' dir='ltr'><strong>dulcius</strong></span> <span class='ocrx_word' id='word_1_10' title='bbox 1468 511 1560 585; x_wconf 90' lang='lat' dir='ltr'><strong>iis,</strong></span> <span class='ocrx_word' id='word_1_11' title='bbox 1609 511 1709 588; x_wconf 91' lang='lat' dir='ltr'><strong>qui</strong></span> <span class='ocrx_word' id='word_1_12' title='bbox 1758 511 2009 587; x_wconf 78' lang='lat' dir='ltr'><strong>aliquam</strong></span> <span class='ocrx_word' id='word_1_13' title='bbox 2057 514 2282 591; x_wconf 85' lang='lat' dir='ltr'><strong>cupidi..</strong></span> 
     </span>
     <span class='ocr_line' id='line_1_3' title="bbox 452 606 2280 685; baseline -0.002 -14"><span class='ocrx_word' id='word_1_14' title='bbox 452 624 631 671; x_wconf 87' lang='lat' dir='ltr'><strong>tatem</strong></span> <span class='ocrx_word' id='word_1_15' title='bbox 660 611 878 669; x_wconf 87' lang='lat' dir='ltr'><strong>habent</strong></span> <span class='ocrx_word' id='word_1_16' title='bbox 905 609 1124 668; x_wconf 81' lang='lat' dir='ltr'><strong>notitiae</strong></span> <span class='ocrx_word' id='word_1_17' title='bbox 1147 608 1435 666; x_wconf 87' lang='lat' dir='ltr'><strong>clarorum</strong></span> <span class='ocrx_word' id='word_1_18' title='bbox 1462 607 1730 665; x_wconf 85' lang='lat' dir='ltr'><strong>virorum.</strong></span> <span class='ocrx_word' id='word_1_19' title='bbox 1814 606 2032 684; x_wconf 88' lang='lat' dir='ltr'><strong>Attigit</strong></span> <span class='ocrx_word' id='word_1_20' title='bbox 2053 622 2280 685; x_wconf 87' lang='lat' dir='ltr'><strong>quoque</strong></span> 
     </span>
     <span class='ocr_line' id='line_1_4' title="bbox 450 702 2289 783; baseline -0.001 -18"><span class='ocrx_word' id='word_1_21' title='bbox 450 706 762 783; x_wconf 71' lang='lat' dir='ltr'><strong>poeticen:</strong></span> <span class='ocrx_word' id='word_1_22' title='bbox 820 704 1132 777; x_wconf 88' lang='lat' dir='ltr'><strong>credimus,</strong></span> <span class='ocrx_word' id='word_1_23' title='bbox 1186 718 1263 761; x_wconf 87' lang='lat' dir='ltr'><strong>ne</strong></span> <span class='ocrx_word' id='word_1_24' title='bbox 1316 702 1444 779; x_wconf 81' lang='lat' dir='ltr'><strong>ejus</strong></span> <span class='ocrx_word' id='word_1_25' title='bbox 1499 721 1704 778; x_wconf 83' lang='lat' dir='ltr'>expers</span> <span class='ocrx_word' id='word_1_26' title='bbox 1756 713 1913 760; x_wconf 87' lang='lat' dir='ltr'><strong>esset</strong></span> <span class='ocrx_word' id='word_1_27' title='bbox 1963 704 2289 764; x_wconf 87' lang='lat' dir='ltr'><strong>suavitatis.&#39;</strong></span> 
     </span>
     <span class='ocr_line' id='line_1_5' title="bbox 453 798 2288 879; baseline -0.002 -18"><span class='ocrx_word' id='word_1_28' title='bbox 453 803 722 879; x_wconf 81' lang='lat' dir='ltr'>Namque</span> <span class='ocrx_word' id='word_1_29' title='bbox 753 800 1034 873; x_wconf 84' lang='lat' dir='ltr'><strong>versibus,</strong></span> <span class='ocrx_word' id='word_1_30' title='bbox 1076 798 1175 874; x_wconf 92' lang='lat' dir='ltr'><strong>qui</strong></span> <span class='ocrx_word' id='word_1_31' title='bbox 1217 799 1436 856; x_wconf 87' lang='lat' dir='ltr'>honore</span> <span class='ocrx_word' id='word_1_32' title='bbox 1480 816 1785 873; x_wconf 82' lang='lat' dir='ltr'><strong>rerumque</strong></span> <span class='ocrx_word' id='word_1_33' title='bbox 1828 810 2121 874; x_wconf 85' lang='lat' dir='ltr'><strong>gestarum</strong></span> <span class='ocrx_word' id='word_1_34' title='bbox 2171 820 2288 858; x_wconf 91' lang='lat' dir='ltr'><strong>am-</strong></span> 
     </span>
     <span class='ocr_line' id='line_1_6' title="bbox 374 893 2285 976; baseline -0.002 -19"><span class='ocrx_word' id='word_1_35' title='bbox 374 902 413 957; x_wconf 85' lang='lat'>5</span> <span class='ocrx_word' id='word_1_36' title='bbox 454 898 739 976; x_wconf 89' lang='lat' dir='ltr'><strong>plitudine</strong></span> <span class='ocrx_word' id='word_1_37' title='bbox 767 908 1006 956; x_wconf 79' lang='lat' dir='ltr'><strong>caeteros</strong></span> <span class='ocrx_word' id='word_1_38' title='bbox 1034 894 1291 953; x_wconf 87' lang='lat' dir='ltr'><strong>Romani</strong></span> <span class='ocrx_word' id='word_1_39' title='bbox 1318 893 1515 971; x_wconf 92' lang='lat' dir='ltr'><strong>populi</strong></span> <span class='ocrx_word' id='word_1_40' title='bbox 1541 893 1951 970; x_wconf 75' lang='lat' dir='ltr'><strong>praestiterunt,</strong></span> <span class='ocrx_word' id='word_1_41' title='bbox 1980 897 2246 971; x_wconf 85' lang='lat' dir='ltr'><strong>exposuit</strong></span> <span class='ocrx_word' id='word_1_42' title='bbox 2272 917 2285 954; x_wconf 72' lang='grc' dir='ltr'><em>τ</em></span> 
     </span>
     <span class='ocr_line' id='line_1_7' title="bbox 454 990 2287 1068; baseline -0.001 -16"><span class='ocrx_word' id='word_1_43' title='bbox 454 995 554 1068; x_wconf 91' lang='lat' dir='ltr'><strong>ita,</strong></span> <span class='ocrx_word' id='word_1_44' title='bbox 583 1007 647 1053; x_wconf 91' lang='lat' dir='ltr'><strong>ut</strong></span> <span class='ocrx_word' id='word_1_45' title='bbox 674 994 782 1052; x_wconf 89' lang='lat' dir='ltr'><strong>sub</strong></span> <span class='ocrx_word' id='word_1_46' title='bbox 810 992 1168 1068; x_wconf 87' lang='lat' dir='ltr'><strong>singulorum</strong></span> <span class='ocrx_word' id='word_1_47' title='bbox 1208 990 1560 1066; x_wconf 85' lang='lat' dir='ltr'><strong>imaginibus</strong></span> <span class='ocrx_word' id='word_1_48' title='bbox 1604 990 1760 1047; x_wconf 80' lang='lat' dir='ltr'><strong>facta</strong></span> <span class='ocrx_word' id='word_1_49' title='bbox 1802 990 2287 1068; x_wconf 86' lang='lat' dir='ltr'><strong>magistratusque</strong></span> 
     </span>
     <span class='ocr_line' id='line_1_8' title="bbox 455 1083 2288 1163; baseline -0.002 -15"><span class='ocrx_word' id='word_1_50' title='bbox 455 1102 652 1150; x_wconf 80' lang='lat' dir='ltr'><strong>eorum</strong></span> <span class='ocrx_word' id='word_1_51' title='bbox 681 1109 798 1147; x_wconf 89' lang='lat' dir='ltr'><strong>non</strong></span> <span class='ocrx_word' id='word_1_52' title='bbox 828 1084 1073 1163; x_wconf 71' lang='lat' dir='ltr'><strong>amplius</strong></span> <span class='ocrx_word' id='word_1_53' title='bbox 1099 1086 1395 1162; x_wconf 84' lang='lat' dir='ltr'><strong>quaternis</strong></span> <span class='ocrx_word' id='word_1_54' title='bbox 1416 1083 1678 1161; x_wconf 88' lang='lat' dir='ltr'><strong>quinisve</strong></span> <span class='ocrx_word' id='word_1_55' title='bbox 1725 1085 1986 1143; x_wconf 84' lang='lat' dir='ltr'><strong>versibus</strong></span> <span class='ocrx_word' id='word_1_56' title='bbox 2035 1086 2288 1163; x_wconf 84' lang='lat' dir='ltr'><strong>descrip-</strong></span> 
     </span>
     <span class='ocr_line' id='line_1_9' title="bbox 455 1178 2292 1259; baseline -0.001 -17"><span class='ocrx_word' id='word_1_57' title='bbox 455 1185 629 1243; x_wconf 87' lang='lat' dir='ltr'><strong>serit:</strong></span> <span class='ocrx_word' id='word_1_58' title='bbox 671 1184 822 1259; x_wconf 91' lang='lat' dir='ltr'><strong>quod</strong></span> <span class='ocrx_word' id='word_1_59' title='bbox 852 1182 946 1240; x_wconf 88' lang='lat' dir='ltr'><strong>vix</strong></span> <span class='ocrx_word' id='word_1_60' title='bbox 974 1181 1330 1239; x_wconf 87' lang='lat' dir='ltr'><strong>credendum</strong></span> <span class='ocrx_word' id='word_1_61' title='bbox 1374 1178 1467 1253; x_wconf 84' lang='lat' dir='ltr'><strong>sit,</strong></span> <span class='ocrx_word' id='word_1_62' title='bbox 1511 1190 1704 1238; x_wconf 77' lang='lat' dir='ltr'><strong>tantas</strong></span> <span class='ocrx_word' id='word_1_63' title='bbox 1751 1199 1844 1238; x_wconf 88' lang='lat' dir='ltr'><strong>res</strong></span> <span class='ocrx_word' id='word_1_64' title='bbox 1870 1190 1989 1239; x_wconf 80' lang='lat' dir='ltr'><strong>tam</strong></span> <span class='ocrx_word' id='word_1_65' title='bbox 2039 1181 2292 1240; x_wconf 87' lang='lat' dir='ltr'><strong>breviter</strong></span> 
     </span>
     <span class='ocr_line' id='line_1_10' title="bbox 451 1273 2289 1357; baseline -0.002 -20"><span class='ocrx_word' id='word_1_66' title='bbox 451 1280 704 1357; x_wconf 88' lang='lat' dir='ltr'><strong>potuisse</strong></span> <span class='ocrx_word' id='word_1_67' title='bbox 735 1276 1033 1336; x_wconf 89' lang='lat' dir='ltr'><strong>declarari.</strong></span> <span class='ocrx_word' id='word_1_68' title='bbox 1118 1275 1227 1333; x_wconf 83' lang='lat' dir='ltr'><strong>Est</strong></span> <span class='ocrx_word' id='word_1_69' title='bbox 1272 1275 1447 1333; x_wconf 90' lang='lat' dir='ltr'><strong>etiam</strong></span> <span class='ocrx_word' id='word_1_70' title='bbox 1494 1275 1642 1333; x_wconf 87' lang='lat' dir='ltr'><strong>liber</strong></span> <span class='ocrx_word' id='word_1_71' title='bbox 1697 1273 1904 1333; x_wconf 67' lang='lat' dir='ltr'><strong>Graece</strong></span> <span class='ocrx_word' id='word_1_72' title='bbox 1956 1277 2289 1350; x_wconf 77' lang='lat' dir='ltr'><strong>confectuS,</strong></span> 
     </span>
     <span class='ocr_line' id='line_1_11' title="bbox 343 1371 1187 1433; baseline -0.008 -1"><span class='ocrx_word' id='word_1_73' title='bbox 343 1375 415 1433; x_wconf 87' lang='lat'><strong>10</strong></span> <span class='ocrx_word' id='word_1_74' title='bbox 454 1374 520 1431; x_wconf 84' lang='lat' dir='ltr'><strong>de</strong></span> <span class='ocrx_word' id='word_1_75' title='bbox 549 1374 842 1430; x_wconf 76' lang='lat' dir='ltr'><strong>consulatu</strong></span> <span class='ocrx_word' id='word_1_76' title='bbox 875 1371 1187 1428; x_wconf 72' lang='lat' dir='ltr'><strong>Ciceronis,</strong></span> 
     </span>
     <span class='ocr_line' id='line_1_12' title="bbox 535 1462 2285 1524; baseline 0 0"><span class='ocrx_word' id='word_1_77' title='bbox 535 1466 710 1524; x_wconf 90' lang='lat' dir='ltr'><strong>XIX.</strong></span> <span class='ocrx_word' id='word_1_78' title='bbox 795 1466 1100 1523; x_wconf 83' lang='lat' dir='ltr'><strong>Hactenus</strong></span> <span class='ocrx_word' id='word_1_79' title='bbox 1134 1463 1331 1522; x_wconf 85' lang='lat' dir='ltr'><strong>Attico</strong></span> <span class='ocrx_word' id='word_1_80' title='bbox 1359 1463 1486 1521; x_wconf 87' lang='lat' dir='ltr'><strong>vivo</strong></span> <span class='ocrx_word' id='word_1_81' title='bbox 1531 1462 1690 1522; x_wconf 91' lang='lat' dir='ltr'><strong>edita</strong></span> <span class='ocrx_word' id='word_1_82' title='bbox 1717 1464 1842 1521; x_wconf 79' lang='lat' dir='ltr'><strong>haec</strong></span> <span class='ocrx_word' id='word_1_83' title='bbox 1877 1483 1911 1521; x_wconf 91' lang='lat' dir='ltr'><strong>a</strong></span> <span class='ocrx_word' id='word_1_84' title='bbox 1937 1464 2103 1522; x_wconf 89' lang='lat' dir='ltr'><strong>nobis</strong></span> <span class='ocrx_word' id='word_1_85' title='bbox 2133 1477 2285 1524; x_wconf 88' lang='lat' dir='ltr'><strong>sunt.</strong></span> 
     </span>
     <span class='ocr_line' id='line_1_13' title="bbox 459 1558 2288 1636; baseline -0.001 -16"><span class='ocrx_word' id='word_1_86' title='bbox 459 1562 516 1620; x_wconf 94' lang='lat' dir='ltr'>N</span> <span class='ocrx_word' id='word_1_87' title='bbox 521 1581 637 1619; x_wconf 89' lang='lat' dir='ltr'><strong>unc</strong></span> <span class='ocrx_word' id='word_1_88' title='bbox 685 1560 957 1636; x_wconf 87' lang='lat' dir='ltr'><strong>quoniam</strong></span> <span class='ocrx_word' id='word_1_89' title='bbox 1003 1560 1232 1617; x_wconf 83' lang='lat' dir='ltr'><strong>fortuna</strong></span> <span class='ocrx_word' id='word_1_90' title='bbox 1279 1578 1386 1616; x_wconf 86' lang='lat' dir='ltr'><strong>nos</strong></span> <span class='ocrx_word' id='word_1_91' title='bbox 1431 1558 1767 1635; x_wconf 85' lang='lat' dir='ltr'><strong>superstites</strong></span> <span class='ocrx_word' id='word_1_92' title='bbox 1809 1558 1865 1616; x_wconf 91' lang='lat' dir='ltr'><strong>ei</strong></span> <span class='ocrx_word' id='word_1_93' title='bbox 1908 1579 2037 1617; x_wconf 90' lang='lat' dir='ltr'><strong>esse</strong></span> <span class='ocrx_word' id='word_1_94' title='bbox 2084 1561 2288 1635; x_wconf 89' lang='lat' dir='ltr'><strong>voluit,</strong></span> 
     </span>
     <span class='ocr_line' id='line_1_14' title="bbox 458 1652 2286 1732; baseline -0.001 -17"><span class='ocrx_word' id='word_1_95' title='bbox 458 1656 677 1731; x_wconf 88' lang='lat' dir='ltr'><strong>reliqua</strong></span> <span class='ocrx_word' id='word_1_96' title='bbox 728 1674 1158 1732; x_wconf 87' lang='lat' dir='ltr'><strong>persequemur,</strong></span> <span class='ocrx_word' id='word_1_97' title='bbox 1215 1666 1293 1726; x_wconf 91' lang='lat' dir='ltr'><strong>et,</strong></span> <span class='ocrx_word' id='word_1_98' title='bbox 1344 1652 1624 1730; x_wconf 72' lang='lat' dir='ltr'><strong>quantum</strong></span> <span class='ocrx_word' id='word_1_99' title='bbox 1667 1653 2044 1730; x_wconf 82' lang='lat' dir='ltr'><strong>potuerimuS,</strong></span> <span class='ocrx_word' id='word_1_100' title='bbox 2092 1654 2286 1713; x_wconf 80' lang='lat' dir='ltr'><strong>rerum</strong></span> 
     </span>
     <span class='ocr_line' id='line_1_15' title="bbox 458 1746 2291 1826; baseline -0.002 -17"><span class='ocrx_word' id='word_1_101' title='bbox 458 1751 736 1826; x_wconf 89' lang='lat' dir='ltr'><strong>exemplis</strong></span> <span class='ocrx_word' id='word_1_102' title='bbox 789 1751 1034 1807; x_wconf 89' lang='lat' dir='ltr'><strong>lectores</strong></span> <span class='ocrx_word' id='word_1_103' title='bbox 1088 1749 1447 1820; x_wconf 82' lang='lat' dir='ltr'><strong>docebimus,</strong></span> <span class='ocrx_word' id='word_1_104' title='bbox 1503 1747 1654 1805; x_wconf 89' lang='lat' dir='ltr'><strong>sicut</strong></span> <span class='ocrx_word' id='word_1_105' title='bbox 1708 1746 1880 1824; x_wconf 72' lang='lat' dir='ltr'><strong>supra</strong></span> <span class='ocrx_word' id='word_1_106' title='bbox 1942 1748 2291 1825; x_wconf 83' lang='lat' dir='ltr'><strong>significavi·</strong></span> 
     </span>
     <span class='ocr_line' id='line_1_16' title="bbox 346 1840 2270 1920; baseline -0.002 -16"><span class='ocrx_word' id='word_1_107' title='bbox 346 1849 418 1904; x_wconf 86' lang='lat'><strong>15</strong></span> <span class='ocrx_word' id='word_1_108' title='bbox 459 1866 607 1920; x_wconf 62' lang='grc' dir='ltr'><strong>ωας,</strong></span> <span class='ocrx_word' id='word_1_109' title='bbox 637 1865 764 1903; x_wconf 86' lang='lat' dir='ltr'><strong>suos</strong></span> <span class='ocrx_word' id='word_1_110' title='bbox 795 1846 993 1920; x_wconf 78' lang='lat' dir='ltr'><strong>cuique</strong></span> <span class='ocrx_word' id='word_1_111' title='bbox 1035 1863 1212 1901; x_wconf 80' lang='lat' dir='ltr'><strong>mores</strong></span> <span class='ocrx_word' id='word_1_112' title='bbox 1230 1840 1568 1919; x_wconf 45' lang='lat' dir='ltr'><strong>plerumque</strong></span> <span class='ocrx_word' id='word_1_113' title='bbox 1617 1844 1923 1900; x_wconf 79' lang='lat' dir='ltr'><strong>conciliare</strong></span> <span class='ocrx_word' id='word_1_114' title='bbox 1952 1843 2270 1920; x_wconf 80' lang='lat' dir='ltr'><strong>fortunam</strong></span> 
     </span>
     <span class='ocr_line' id='line_1_17' title="bbox 458 1938 2291 2016; baseline -0.002 -17"><span class='ocrx_word' id='word_1_115' title='bbox 458 1941 727 2016; x_wconf 89' lang='lat' dir='ltr'><strong>Namque</strong></span> <span class='ocrx_word' id='word_1_116' title='bbox 755 1939 851 1997; x_wconf 85' lang='lat' dir='ltr'><strong>hic</strong></span> <span class='ocrx_word' id='word_1_117' title='bbox 880 1950 1187 1997; x_wconf 87' lang='lat' dir='ltr'><strong>contentus</strong></span> <span class='ocrx_word' id='word_1_118' title='bbox 1213 1938 1418 1996; x_wconf 80' lang='lat' dir='ltr'><strong>ordine</strong></span> <span class='ocrx_word' id='word_1_119' title='bbox 1460 1938 1729 2011; x_wconf 88' lang='lat' dir='ltr'><strong>equestri,</strong></span> <span class='ocrx_word' id='word_1_120' title='bbox 1774 1957 1888 2013; x_wconf 86' lang='lat' dir='ltr'><strong>quo</strong></span> <span class='ocrx_word' id='word_1_121' title='bbox 1939 1950 2063 1997; x_wconf 82' lang='lat' dir='ltr'><strong>erat</strong></span> <span class='ocrx_word' id='word_1_122' title='bbox 2108 1952 2291 2013; x_wconf 79' lang='lat' dir='ltr'><strong>ortuS‚</strong></span> 
     </span>
     <span class='ocr_line' id='line_1_18' title="bbox 460 2031 2288 2114; baseline 0 -22"><span class='ocrx_word' id='word_1_123' title='bbox 460 2036 517 2092; x_wconf 88' lang='lat' dir='ltr'><strong>in</strong></span> <span class='ocrx_word' id='word_1_124' title='bbox 573 2034 909 2092; x_wconf 88' lang='lat' dir='ltr'><strong>affinitatem</strong></span> <span class='ocrx_word' id='word_1_125' title='bbox 962 2033 1224 2110; x_wconf 84' lang='lat' dir='ltr'><strong>pervenit</strong></span> <span class='ocrx_word' id='word_1_126' title='bbox 1278 2031 1637 2108; x_wconf 84' lang='lat' dir='ltr'><strong>imperatoris</strong></span> <span class='ocrx_word' id='word_1_127' title='bbox 1690 2032 1825 2089; x_wconf 83' lang='lat' dir='ltr'><strong>Divi</strong></span> <span class='ocrx_word' id='word_1_128' title='bbox 1886 2032 2085 2114; x_wconf 79' lang='lat' dir='ltr'><strong>[Julii]</strong></span> <span class='ocrx_word' id='word_1_129' title='bbox 2142 2035 2288 2093; x_wconf 86' lang='lat' dir='ltr'><strong>filii:</strong></span> 
     </span>
     <span class='ocr_line' id='line_1_19' title="bbox 458 2113 2289 2207; baseline 0.001 -19"><span class='ocrx_word' id='word_1_130' title='bbox 458 2150 633 2207; x_wconf 88' lang='lat' dir='ltr'><strong>quum</strong></span> <span class='ocrx_word' id='word_1_131' title='bbox 681 2131 801 2206; x_wconf 87' lang='lat' dir='ltr'><strong>jam</strong></span> <span class='ocrx_word' id='word_1_132' title='bbox 860 2127 994 2188; x_wconf 70' lang='lat' dir='ltr'><strong>ante</strong></span> <span class='ocrx_word' id='word_1_133' title='bbox 1051 2113 1510 2187; x_wconf 66' lang='lat' dir='ltr'><strong>familiaritatem&#39;</strong></span> <span class='ocrx_word' id='word_1_134' title='bbox 1554 2127 1680 2205; x_wconf 87' lang='lat' dir='ltr'><strong>ejus</strong></span> <span class='ocrx_word' id='word_1_135' title='bbox 1733 2141 1885 2188; x_wconf 89' lang='lat' dir='ltr'><strong>esset</strong></span> <span class='ocrx_word' id='word_1_136' title='bbox 1938 2142 2289 2190; x_wconf 83' lang='lat' dir='ltr'><strong>consecutus</strong></span> 
     </span>
     <span class='ocr_line' id='line_1_20' title="bbox 459 2221 2292 2301; baseline 0.001 -17"><span class='ocrx_word' id='word_1_137' title='bbox 459 2227 618 2284; x_wconf 74' lang='lat' dir='ltr'><strong>nulla</strong></span> <span class='ocrx_word' id='word_1_138' title='bbox 648 2226 760 2282; x_wconf 71' lang='lat' dir='ltr'><strong>alia</strong></span> <span class='ocrx_word' id='word_1_139' title='bbox 780 2245 865 2298; x_wconf 88' lang='lat' dir='ltr'><strong>re,</strong></span> <span class='ocrx_word' id='word_1_140' title='bbox 894 2221 1066 2300; x_wconf 67' lang='lat' dir='ltr'><strong>quam</strong></span> <span class='ocrx_word' id='word_1_141' title='bbox 1095 2223 1386 2299; x_wconf 70' lang='lat' dir='ltr'><strong>elegantia</strong></span> <span class='ocrx_word' id='word_1_142' title='bbox 1421 2225 1571 2295; x_wconf 82' lang='lat' dir='ltr'><strong>vitae,</strong></span> <span class='ocrx_word' id='word_1_143' title='bbox 1601 2225 1713 2298; x_wconf 71' lang='lat' dir='ltr'><strong>qua</strong></span> <span class='ocrx_word' id='word_1_144' title='bbox 1764 2237 2004 2284; x_wconf 82' lang='lat' dir='ltr'><strong>caeteros</strong></span> <span class='ocrx_word' id='word_1_145' title='bbox 2057 2239 2292 2301; x_wconf 78' lang='lat' dir='ltr'><strong>ceperat</strong></span> 
     </span>
     <span class='ocr_line' id='line_1_21' title="bbox 340 2318 2290 2397; baseline 0.001 -17"><span class='ocrx_word' id='word_1_146' title='bbox 340 2322 422 2380; x_wconf 76' lang='lat'><strong>20</strong></span> <span class='ocrx_word' id='word_1_147' title='bbox 459 2320 752 2397; x_wconf 86' lang='lat' dir='ltr'><strong>principes</strong></span> <span class='ocrx_word' id='word_1_148' title='bbox 811 2318 1080 2391; x_wconf 74' lang='lat' dir='ltr'><strong>civitatiS,</strong></span> <span class='ocrx_word' id='word_1_149' title='bbox 1136 2318 1420 2394; x_wconf 78' lang='lat' dir='ltr'><strong>dignitate</strong></span> <span class='ocrx_word' id='word_1_150' title='bbox 1473 2318 1618 2393; x_wconf 86' lang='lat' dir='ltr'><strong>pari,</strong></span> <span class='ocrx_word' id='word_1_151' title='bbox 1674 2320 1904 2377; x_wconf 69' lang='lat' dir='ltr'><strong>fortuna</strong></span> <span class='ocrx_word' id='word_1_152' title='bbox 1961 2321 2290 2381; x_wconf 87' lang='lat' dir='ltr'><strong>humiliore.</strong></span> 
     </span>
     <span class='ocr_line' id='line_1_22' title="bbox 461 2413 2291 2492; baseline 0.001 -18"><span class='ocrx_word' id='word_1_153' title='bbox 461 2415 657 2474; x_wconf 89' lang='lat' dir='ltr'><strong>Tanta</strong></span> <span class='ocrx_word' id='word_1_154' title='bbox 700 2413 857 2472; x_wconf 90' lang='lat' dir='ltr'><strong>enim</strong></span> <span class='ocrx_word' id='word_1_155' title='bbox 899 2413 1247 2491; x_wconf 86' lang='lat' dir='ltr'><strong>prosperitas</strong></span> <span class='ocrx_word' id='word_1_156' title='bbox 1295 2413 1588 2472; x_wconf 81' lang='lat' dir='ltr'><strong>Caesarem</strong></span> <span class='ocrx_word' id='word_1_157' title='bbox 1632 2433 1765 2471; x_wconf 90' lang='lat' dir='ltr'><strong>eum</strong></span> <span class='ocrx_word' id='word_1_158' title='bbox 1813 2428 1901 2474; x_wconf 90' lang='lat' dir='ltr'><strong>est</strong></span> <span class='ocrx_word' id='word_1_159' title='bbox 1955 2431 2291 2492; x_wconf 85' lang='lat' dir='ltr'><strong>consecuta,</strong></span> 
     </span>
     <span class='ocr_line' id='line_1_23' title="bbox 461 2510 2292 2587; baseline 0.002 -18"><span class='ocrx_word' id='word_1_160' title='bbox 461 2521 525 2570; x_wconf 91' lang='lat' dir='ltr'><strong>ut</strong></span> <span class='ocrx_word' id='word_1_161' title='bbox 550 2510 695 2568; x_wconf 88' lang='lat' dir='ltr'><strong>nihil</strong></span> <span class='ocrx_word' id='word_1_162' title='bbox 744 2510 799 2568; x_wconf 91' lang='lat' dir='ltr'><strong>ei</strong></span> <span class='ocrx_word' id='word_1_163' title='bbox 843 2530 959 2568; x_wconf 92' lang='lat' dir='ltr'><strong>non</strong></span> <span class='ocrx_word' id='word_1_164' title='bbox 1008 2510 1272 2568; x_wconf 88' lang='lat' dir='ltr'><strong>tribuerit</strong></span> <span class='ocrx_word' id='word_1_165' title='bbox 1324 2510 1572 2581; x_wconf 88' lang='lat' dir='ltr'><strong>fortuna,</strong></span> <span class='ocrx_word' id='word_1_166' title='bbox 1628 2511 1781 2585; x_wconf 91' lang='lat' dir='ltr'><strong>quod</strong></span> <span class='ocrx_word' id='word_1_167' title='bbox 1836 2512 2106 2587; x_wconf 88' lang='lat' dir='ltr'><strong>cuiquam</strong></span> <span class='ocrx_word' id='word_1_168' title='bbox 2158 2526 2292 2572; x_wconf 88' lang='lat' dir='ltr'><strong>ante</strong></span> 
     </span>
     <span class='ocr_line' id='line_1_24' title="bbox 461 2605 2295 2680; baseline 0.001 -17"><span class='ocrx_word' id='word_1_169' title='bbox 461 2606 749 2678; x_wconf 87' lang='lat' dir='ltr'><strong>detulerit,</strong></span> <span class='ocrx_word' id='word_1_170' title='bbox 779 2618 838 2664; x_wconf 91' lang='lat' dir='ltr'><strong>et</strong></span> <span class='ocrx_word' id='word_1_171' title='bbox 877 2605 1207 2663; x_wconf 71' lang='lat' dir='ltr'><strong>conciliarit</strong></span> <span class='ocrx_word' id='word_1_172' title='bbox 1249 2605 1400 2680; x_wconf 90' lang='lat' dir='ltr'><strong>quod</strong></span> <span class='ocrx_word' id='word_1_173' title='bbox 1447 2625 1620 2664; x_wconf 91' lang='lat' dir='ltr'><strong>nemo</strong></span> <span class='ocrx_word' id='word_1_174' title='bbox 1650 2606 1841 2663; x_wconf 87' lang='lat' dir='ltr'><strong>adhuc</strong></span> <span class='ocrx_word' id='word_1_175' title='bbox 1890 2607 2032 2665; x_wconf 86' lang='lat' dir='ltr'><strong>civis</strong></span> <span class='ocrx_word' id='word_1_176' title='bbox 2075 2608 2295 2667; x_wconf 88' lang='lat' dir='ltr'><strong>Roma-</strong></span> 
     </span>
     <span class='ocr_line' id='line_1_25' title="bbox 462 2699 2294 2779; baseline 0.002 -21"><span class='ocrx_word' id='word_1_177' title='bbox 462 2720 573 2759; x_wconf 91' lang='lat' dir='ltr'><strong>nus</strong></span> <span class='ocrx_word' id='word_1_178' title='bbox 599 2701 779 2777; x_wconf 84' lang='lat' dir='ltr'><strong>quivit</strong></span> <span class='ocrx_word' id='word_1_179' title='bbox 807 2700 1100 2774; x_wconf 86' lang='lat' dir='ltr'><strong>consequi.</strong></span> <span class='ocrx_word' id='word_1_180' title='bbox 1185 2699 1343 2758; x_wconf 89' lang='lat' dir='ltr'><strong>Nata</strong></span> <span class='ocrx_word' id='word_1_181' title='bbox 1373 2713 1562 2759; x_wconf 89' lang='lat' dir='ltr'><strong>autem</strong></span> <span class='ocrx_word' id='word_1_182' title='bbox 1593 2714 1681 2760; x_wconf 90' lang='lat' dir='ltr'><strong>est</strong></span> <span class='ocrx_word' id='word_1_183' title='bbox 1732 2702 1932 2761; x_wconf 89' lang='lat' dir='ltr'><strong>Attico</strong></span> <span class='ocrx_word' id='word_1_184' title='bbox 1981 2704 2170 2779; x_wconf 89' lang='lat' dir='ltr'><strong>neptis</strong></span> <span class='ocrx_word' id='word_1_185' title='bbox 2220 2725 2294 2761; x_wconf 87' lang='lat' dir='ltr'><strong>ex</strong></span> 
     </span>
     <span class='ocr_line' id='line_1_26' title="bbox 342 2794 2293 2872; baseline 0 -16"><span class='ocrx_word' id='word_1_186' title='bbox 342 2798 426 2856; x_wconf 78' lang='lat'><strong>25·</strong></span> <span class='ocrx_word' id='word_1_187' title='bbox 463 2794 745 2872; x_wconf 71' lang='lat' dir='ltr'><strong>Agrippa,</strong></span> <span class='ocrx_word' id='word_1_188' title='bbox 773 2795 870 2851; x_wconf 87' lang='lat' dir='ltr'><strong>cui</strong></span> <span class='ocrx_word' id='word_1_189' title='bbox 897 2794 1179 2870; x_wconf 87' lang='lat' dir='ltr'><strong>virginem</strong></span> <span class='ocrx_word' id='word_1_190' title='bbox 1219 2795 1397 2852; x_wconf 89' lang='lat' dir='ltr'><strong>filiam</strong></span> <span class='ocrx_word' id='word_1_191' title='bbox 1440 2797 1767 2854; x_wconf 70' lang='lat' dir='ltr'><strong>collocarat.</strong></span> <span class='ocrx_word' id='word_1_192' title='bbox 1853 2796 2028 2854; x_wconf 86' lang='lat' dir='ltr'><strong>Hanc</strong></span> <span class='ocrx_word' id='word_1_193' title='bbox 2073 2798 2293 2871; x_wconf 86' lang='lat' dir='ltr'><strong>Caesar,</strong></span> 
     </span>
     <span class='ocr_line' id='line_1_27' title="bbox 462 2888 2293 2966; baseline 0.002 -19"><span class='ocrx_word' id='word_1_194' title='bbox 462 2890 557 2947; x_wconf 84' lang='lat' dir='ltr'><strong>vix</strong></span> <span class='ocrx_word' id='word_1_195' title='bbox 587 2888 939 2961; x_wconf 83' lang='lat' dir='ltr'><strong>anniculam,</strong></span> <span class='ocrx_word' id='word_1_196' title='bbox 969 2888 1213 2946; x_wconf 89' lang='lat' dir='ltr'><strong>Tiberio</strong></span> <span class='ocrx_word' id='word_1_197' title='bbox 1241 2888 1490 2962; x_wconf 82' lang='lat' dir='ltr'><strong>Claudio</strong></span> <span class='ocrx_word' id='word_1_198' title='bbox 1534 2889 1778 2964; x_wconf 90' lang='lat' dir='ltr'><strong>Neroni,</strong></span> <span class='ocrx_word' id='word_1_199' title='bbox 1829 2891 2085 2949; x_wconf 72' lang='lat' dir='ltr'><strong>Drusilla</strong></span> <span class='ocrx_word' id='word_1_200' title='bbox 2134 2905 2293 2966; x_wconf 85' lang='lat' dir='ltr'><strong>nato,</strong></span> 
     </span>
     <span class='ocr_line' id='line_1_28' title="bbox 462 2983 2293 3063; baseline 0.001 -19"><span class='ocrx_word' id='word_1_201' title='bbox 462 2985 725 3063; x_wconf 85' lang='lat' dir='ltr'><strong>privigno</strong></span> <span class='ocrx_word' id='word_1_202' title='bbox 748 3004 872 3058; x_wconf 90' lang='lat' dir='ltr'><strong>suo,</strong></span> <span class='ocrx_word' id='word_1_203' title='bbox 901 2983 1241 3060; x_wconf 89' lang='lat' dir='ltr'><strong>despondit:</strong></span> <span class='ocrx_word' id='word_1_204' title='bbox 1283 3002 1411 3060; x_wconf 81' lang='lat' dir='ltr'><strong>quae</strong></span> <span class='ocrx_word' id='word_1_205' title='bbox 1440 2985 1775 3060; x_wconf 86' lang='lat' dir='ltr'><strong>conjunctio</strong></span> <span class='ocrx_word' id='word_1_206' title='bbox 1803 2987 2293 3046; x_wconf 87' lang='lat' dir='ltr'><strong>necessitudinem</strong></span> 
     </span>
     <span class='ocr_line' id='line_1_29' title="bbox 467 3078 2152 3156; baseline 0 -17"><span class='ocrx_word' id='word_1_207' title='bbox 467 3099 663 3139; x_wconf 90' lang='lat' dir='ltr'><strong>eorum</strong></span> <span class='ocrx_word' id='word_1_208' title='bbox 694 3080 903 3152; x_wconf 84' lang='lat' dir='ltr'><strong>sanxit,</strong></span> <span class='ocrx_word' id='word_1_209' title='bbox 934 3078 1380 3138; x_wconf 85' lang='lat' dir='ltr'><strong>familiaritatem</strong></span> <span class='ocrx_word' id='word_1_210' title='bbox 1410 3080 1661 3139; x_wconf 91' lang='lat' dir='ltr'><strong>reddidit</strong></span> <span class='ocrx_word' id='word_1_211' title='bbox 1688 3082 2152 3156; x_wconf 89' lang='lat' dir='ltr'><strong>frequentiorem.</strong></span> 
     </span>
     <span class='ocr_line' id='line_1_30' title="bbox 543 3172 2294 3251; baseline 0.002 -20"><span class='ocrx_word' id='word_1_212' title='bbox 543 3174 684 3231; x_wconf 89' lang='lat' dir='ltr'><strong>XX.</strong></span> <span class='ocrx_word' id='word_1_213' title='bbox 766 3172 1054 3235; x_wconf 78' lang='lat' dir='ltr'><strong>Quamvis</strong></span> <span class='ocrx_word' id='word_1_214' title='bbox 1086 3185 1217 3231; x_wconf 91' lang='lat' dir='ltr'><strong>ante</strong></span> <span class='ocrx_word' id='word_1_215' title='bbox 1248 3175 1373 3231; x_wconf 85' lang='lat' dir='ltr'><strong>haec</strong></span> <span class='ocrx_word' id='word_1_216' title='bbox 1403 3175 1692 3251; x_wconf 88' lang='lat' dir='ltr'><strong>sponsalia</strong></span> <span class='ocrx_word' id='word_1_217' title='bbox 1735 3195 1849 3233; x_wconf 90' lang='lat' dir='ltr'><strong>non</strong></span> <span class='ocrx_word' id='word_1_218' title='bbox 1881 3174 2086 3249; x_wconf 71' lang='lat' dir='ltr'><strong>solum,</strong></span> <span class='ocrx_word' id='word_1_219' title='bbox 2115 3197 2294 3251; x_wconf 90' lang='lat' dir='ltr'><strong>quum</strong></span> 
     </span>
     <span class='ocr_line' id='line_1_31' title="bbox 347 3269 2297 3345; baseline 0 -16"><span class='ocrx_word' id='word_1_220' title='bbox 347 3270 428 3329; x_wconf 76' lang='lat'><strong>30</strong></span> <span class='ocrx_word' id='word_1_221' title='bbox 469 3270 542 3327; x_wconf 83' lang='lat' dir='ltr'><strong>ab</strong></span> <span class='ocrx_word' id='word_1_222' title='bbox 568 3270 709 3327; x_wconf 91' lang='lat' dir='ltr'><strong>urbe</strong></span> <span class='ocrx_word' id='word_1_223' title='bbox 742 3269 986 3340; x_wconf 86' lang='lat' dir='ltr'><strong>abesset,</strong></span> <span class='ocrx_word' id='word_1_224' title='bbox 1016 3286 1311 3344; x_wconf 85' lang='lat' dir='ltr'><strong>nunquam</strong></span> <span class='ocrx_word' id='word_1_225' title='bbox 1343 3269 1413 3326; x_wconf 90' lang='lat' dir='ltr'><strong>ad</strong></span> <span class='ocrx_word' id='word_1_226' title='bbox 1443 3289 1676 3328; x_wconf 87' lang='lat' dir='ltr'><strong>suorum</strong></span> <span class='ocrx_word' id='word_1_227' title='bbox 1720 3289 2046 3345; x_wconf 86' lang='lat' dir='ltr'><strong>quenquam</strong></span> <span class='ocrx_word' id='word_1_228' title='bbox 2075 3271 2297 3330; x_wconf 87' lang='lat' dir='ltr'><strong>litteras</strong></span> 
     </span>
     <span class='ocr_line' id='line_1_32' title="bbox 403 3362 2292 3443; baseline 0.005 -28"><span class='ocrx_word' id='word_1_229' title='bbox 403 3405 432 3415; x_wconf 34' lang='lat' dir='ltr'><strong>u</strong></span> <span class='ocrx_word' id='word_1_230' title='bbox 467 3363 641 3436; x_wconf 90' lang='lat' dir='ltr'><strong>misit,</strong></span> <span class='ocrx_word' id='word_1_231' title='bbox 671 3364 809 3438; x_wconf 89' lang='lat' dir='ltr'><strong>quin</strong></span> <span class='ocrx_word' id='word_1_232' title='bbox 840 3362 1038 3421; x_wconf 87' lang='lat' dir='ltr'><strong>Attico</strong></span> <span class='ocrx_word' id='word_1_233' title='bbox 1066 3362 1339 3434; x_wconf 88' lang='lat' dir='ltr'><strong>mitteret,</strong></span> <span class='ocrx_word' id='word_1_234' title='bbox 1388 3365 1525 3438; x_wconf 91' lang='lat' dir='ltr'><strong>quid</strong></span> <span class='ocrx_word' id='word_1_235' title='bbox 1573 3377 1788 3441; x_wconf 89' lang='lat' dir='ltr'><strong>ageret,</strong></span> <span class='ocrx_word' id='word_1_236' title='bbox 1838 3365 2120 3442; x_wconf 89' lang='lat' dir='ltr'><strong>imprimis</strong></span> <span class='ocrx_word' id='word_1_237' title='bbox 2157 3367 2292 3443; x_wconf 88' lang='lat' dir='ltr'><strong>quid</strong></span> 
     </span>
     <span class='ocr_line' id='line_1_33' title="bbox 461 3455 2296 3535; baseline 0.001 -18"><span class='ocrx_word' id='word_1_238' title='bbox 461 3460 682 3535; x_wconf 87' lang='lat' dir='ltr'><strong>legeret</strong></span> <span class='ocrx_word' id='word_1_239' title='bbox 708 3477 722 3528; x_wconf 93' lang='lat'>;</span> <span class='ocrx_word' id='word_1_240' title='bbox 765 3456 1086 3532; x_wconf 88' lang='lat' dir='ltr'><strong>quibusque</strong></span> <span class='ocrx_word' id='word_1_241' title='bbox 1116 3455 1174 3514; x_wconf 91' lang='lat' dir='ltr'><strong>in</strong></span> <span class='ocrx_word' id='word_1_242' title='bbox 1204 3457 1367 3530; x_wconf 76' lang='lat' dir='ltr'><strong>lociS,</strong></span> <span class='ocrx_word' id='word_1_243' title='bbox 1397 3469 1455 3517; x_wconf 88' lang='lat' dir='ltr'><strong>et</strong></span> <span class='ocrx_word' id='word_1_244' title='bbox 1476 3459 1750 3535; x_wconf 88' lang='lat' dir='ltr'><strong>quamdiu</strong></span> <span class='ocrx_word' id='word_1_245' title='bbox 1767 3472 1920 3520; x_wconf 90' lang='lat' dir='ltr'><strong>esset</strong></span> <span class='ocrx_word' id='word_1_246' title='bbox 1936 3472 2296 3519; x_wconf 87' lang='lat' dir='ltr'><strong>moraturus:</strong></span> 
     </span>
     <span class='ocr_line' id='line_1_34' title="bbox 464 3550 2299 3633; baseline 0.002 -22"><span class='ocrx_word' id='word_1_247' title='bbox 464 3553 566 3612; x_wconf 84' lang='lat' dir='ltr'><strong>sed</strong></span> <span class='ocrx_word' id='word_1_248' title='bbox 594 3552 768 3610; x_wconf 88' lang='lat' dir='ltr'><strong>etiam</strong></span> <span class='ocrx_word' id='word_1_249' title='bbox 796 3569 972 3626; x_wconf 89' lang='lat' dir='ltr'><strong>quum</strong></span> <span class='ocrx_word' id='word_1_250' title='bbox 999 3561 1153 3609; x_wconf 88' lang='lat' dir='ltr'><strong>esset</strong></span> <span class='ocrx_word' id='word_1_251' title='bbox 1180 3550 1241 3608; x_wconf 91' lang='lat' dir='ltr'><strong>in</strong></span> <span class='ocrx_word' id='word_1_252' title='bbox 1269 3553 1434 3627; x_wconf 89' lang='lat' dir='ltr'><strong>urbe,</strong></span> <span class='ocrx_word' id='word_1_253' title='bbox 1480 3565 1539 3613; x_wconf 92' lang='lat' dir='ltr'><strong>et</strong></span> <span class='ocrx_word' id='word_1_254' title='bbox 1579 3567 1811 3633; x_wconf 91' lang='lat' dir='ltr'><strong>propter</strong></span> <span class='ocrx_word' id='word_1_255' title='bbox 1855 3575 1990 3614; x_wconf 86' lang='lat' dir='ltr'><strong>suas</strong></span> <span class='ocrx_word' id='word_1_256' title='bbox 2040 3555 2299 3615; x_wconf 85' lang='lat' dir='ltr'><strong>infinitas</strong></span> 
     </span>
    </p>
   </div>
  </div>
 </body>
</html>
