2619 4349
369 404 442 459 14
1114 406 1693 457 THEMISTOCLES.

481 570 746 644 Graeciae,
801 570 941 629 utile
989 580 1159 628 esset.
1241 568 1450 631 Quare
1494 567 1545 627 si
1592 588 1727 628 suos
1781 570 2005 646 legatos
2057 569 2319 646 recipere

481 669 716 742 vellent,
767 686 911 744 quos
958 667 1230 725 Athenas
1274 665 1575 740 miserant,
1612 686 1677 724 se
1717 666 2102 740 remitterent,
2152 666 2321 725 aliter

482 764 615 823 illos
639 781 937 840 nunquam
967 763 1028 820 in
1056 761 1303 840 patriam
1332 761 1663 840 recepturi!

561 860 737 919 VIII.
819 860 1052 918 Tamen
1082 877 1199 920 non
1227 859 1435 936 effingit
1477 859 1694 918 civium
1737 878 1975 923 suorum
2018 857 2317 917 invidiam.

399 960 441 1017 5
480 957 752 1034 Namque
779 958 857 1016 ob
882 958 1137 1016 eundem
1164 956 1455 1030 timorem,
1496 975 1614 1032 quo
1653 957 1970 1017 damnatus
2015 966 2143 1015 erat
2184 953 2322 1012 Mil-

479 1055 689 1129 tiades,
715 1066 997 1114 toetarum
1045 1053 1339 1131 suffragiis
1364 1073 1399 1112 e
1443 1052 1681 1113 civitate
1707 1054 1951 1131 ejecms,
1981 1056 2176 1132 Argos
2220 1058 2322 1114 ha-

480 1152 726 1211 bitatum
772 1151 1082 1210 concessit.
1165 1148 1288 1209 Hic
1331 1169 1509 1226 quum
1545 1162 1777 1228 propter
1824 1153 2037 1210 multas
2082 1154 2324 1212 virtuses

478 1246 694 1324 magna
747 1265 884 1305 cum
938 1245 1221 1323 dignitate
1290 1247 1529 1319 viveret,
1600 1246 2035 1307 Lacedaemonii
2098 1251 2320 1326 legatos

480 1345 748 1402 Athenas
775 1343 1079 1416 miserunt,
1108 1343 1207 1418 qui
1228 1361 1365 1400 eum
1410 1343 1710 1401 absentem
1751 1358 2120 1418 accusarent,
2162 1345 2319 1422 quod

366 1441 442 1498 10
482 1439 820 1498 societatem
849 1458 984 1496 cum
1015 1439 1187 1515 Rege
1216 1439 1526 1496 Persarum
1572 1439 1645 1496 ad
1672 1439 1963 1497 Graeciam
1994 1443 2321 1518 opprimen-

482 1537 617 1593 dam
673 1535 922 1594 fecisset.
1035 1535 1170 1593 Hoc
1239 1534 1487 1592 crimine
1559 1535 1772 1592 absens
1833 1537 2177 1611 proditionis
2227 1550 2322 1598 est

483 1633 809 1690 damnatus.
894 1631 966 1688 Id
1021 1641 1087 1689 ut
1140 1629 1382 1702 audivit,
1437 1628 1593 1705 quod
1648 1649 1767 1688 non
1822 1630 1964 1690 satis
2013 1645 2207 1692 tutum
2255 1655 2322 1693 se

482 1728 662 1804 Argis
703 1727 957 1799 videbat,
1003 1727 1323 1802 Corcyram
1369 1726 1732 1802 demigravit.
1818 1727 1912 1784 Ibi
1960 1747 2137 1804 quum
2166 1731 2321 1807 >ejus

479 1824 774 1900 principes
801 1822 1054 1881 civitatis
1082 1821 1587 1881 animadvertisset
1612 1823 1839 1896 timere,
1868 1843 1945 1882 ne
1980 1837 2213 1901 propter
2255 1846 2319 1885 se

366 1922 443 1979 15
484 1920 700 1978 bellum
729 1919 820 1978 his
850 1917 1286 1978 Lacedaemonii
1313 1929 1374 1977 et
1400 1919 1800 1977 Athenienses
1836 1920 2202 1992 indicerent3
2245 1924 2319 1980 ad

482 2018 824 2089 Admetum,
864 2015 1252 2075 Molossorum
1293 2033 1513 2092 regem,
1565 2019 1701 2074 c'um
1745 2032 1860 2092 quo
1900 2016 1957 2074 ei
2006 2017 2319 2094 hospitium

484 2115 690 2188 fiierat,
720 2112 1000 2189 confugit.
1085 2112 1225 2169 Huc
1263 2130 1444 2188 quum
1485 2113 1761 2187 venisset,
1799 2125 1861 2171 et
1904 2113 1963 2170 in
2012 2114 2321 2191 praesentia

481 2229 585 2269 rex
614 2211 881 2279 abesset3
923 2206 1041 2284 quo
1073 2209 1291 2284 majore
1319 2208 1602 2285 religione
1630 2228 1694 2266 se
1716 2222 2014 2285 receptum
2039 2222 2319 2284 tueretur,

482 2305 662 2363 filiam
689 2305 816 2381 ejus
841 2306 1141 2381 parvulam
1173 2303 1435 2380 arripuit,
1463 2315 1523 2363 et
1550 2323 1685 2362 cum
1712 2306 1784 2362 eii
1806 2325 1870 2362 se
1892 2306 1953 2363 in
1977 2307 2319 2381 sacrarium,

360 2401 443 2460 20
482 2401 635 2477 quod
665 2401 894 2458 summa
922 2399 1225 2458 colebatur
1238 2400 1612 2474 caeremonifi,
1636 2401 1907 2477 conjecit.
1993 2403 2142 2461 Inde
2159 2401 2321 2481 prius

481 2516 752 2575 egressus
778 2516 897 2556 non
926 2508 1035 2570 est,
1063 2494 1238 2572 quam
1285 2515 1391 2554 rex
1417 2515 1552 2553 eum
1603 2497 1742 2555 data
1789 2499 1996 2558 dextra
2047 2499 2105 2557 in
2145 2501 2318 2557 fidem

480 2596 808 2673 reciperet:
849 2613 1024 2672 quam
1051 2592 1335 2671 praestitit.
1421 2593 1578 2653 Nam
1613 2608 1794 2672 quum
1841 2597 1916 2654 ab
1944 2596 2321 2655 Atheniensi-

478 2694 589 2751 bus
629 2702 689 2752 et
727 2690 1195 2750 Lacedaemoniis
1237 2704 1649 2769 exposceretur
1697 2683 1956 2770 publice,
1997 2694 2318 2769 supplicem

479 2810 598 2849 non
627 2787 900 2867 prodidit,
930 2788 1291 2864 monuitque,
1335 2793 1434 2847 ‘ut
1477 2791 1809 2847 consuleret
1849 2789 1979 2847 sibi.
2064 2789 2319 2847 Difficile

359 2887 442 2947 25
481 2886 641 2945 enim
688 2905 836 2959 esse,
887 2885 947 2944 in
1003 2897 1122 2945 tam
1163 2886 1489 2963 propinquo
1537 2887 1666 2944 loco
1713 2883 1839 2943 tuto
1878 2903 2013 2941 eum
2062 2885 2317 2943 versari!

481 2983 688 3060 Itaque
717 2982 982 3059 Pydnam
1010 3001 1146 3041 eum
1175 2982 1390 3041 deduci
1429 2982 1621 3059 jussit,
1666 2990 1745 3053 et,
1789 2980 1946 3055 quod·
1987 2978 2128 3037 satis
2166 2992 2321 3038 esset

478 3078 756 3159 praesidii,
785 3079 963 3139 dedit.
1048 3078 1168 3137 Hic
1198 3078 1258 3137 in
1286 3096 1496 3136 navem
1523 3073 1795 3135 omnibus
1844 3074 2077 3150 ignotus
2120 3094 2322 3133 ascen-

481 3177 583 3235 dit.
665 3176 822 3239 Quae
850 3195 1028 3252 quum
1071 3184 1416 3250 tempestate
1466 3170 1720 3228 maxima
1768 3165 2004 3227 Naxum
2057 3172 2319 3245 ferretur,

482 3271 585 3330 ubi
611 3284 737 3332 tum
765 3270 1220 3331 Atheniensium
1244 3280 1371 3327 erat
1398 3266 1691 3325 exercitus
1714 3286 1729 3338 3
1774 3266 1958 3325 sensit
1986 3266 2321 3325 Themisto-

364 3370 445 3430 30
485 3370 626 3443 cles,
657 3368 706 3428 si
735 3365 807 3427 εδ
834 3366 1213 3446 pervenisset,
1242 3363 1354 3422 sibi
1396 3382 1526 3421 esse
1568 3364 1951 3441 pereundum.
2036 3363 2172 3421 Hac
2222 3381 2322 3421 ne-

484 3465 757 3525 cessitate
799 3473 1059 3535 coactus,
1089 3458 1327 3519 domino
1369 3458 1555 3535 navis,
1599 3459 1698 3537 qui
1748 3459 1842 3535 sit,
1888 3460 2090 3536 aperit,
2139 3460 2321 3517 multa
2425 3463 2436 3470 “

482 3560 788 3639 pollicens,
844 3558 895 3616 si
948 3576 1011 3616 se
1059 3555 1481 3616 conservasset.
1564 3556 1649 3615 At
1703 3555 1800 3615 ille
1849 3555 2156 3615 clarissimi
2213 3556 2319 3615 viri

485 3668 692 3734 captus
717 3651 1138 3730 misericordia,
1167 3652 1324 3713 diem
1366 3666 1716 3733 noctemque
1758 3654 1962 3733 procul
2011 3655 2085 3713 ab
2129 3651 2318 3713 insula
