2619 4349
356 384 435 443 64
1125 393 1399 443 EPAMIN
1402 393 1499 442 ΟΝ
1503 393 1661 443 DAS.

479 551 663 611 batur.
747 551 951 627 Itaque
992 571 1169 627 quum
1212 551 1270 608 in
1315 551 1599 609 circulum
1641 549 1912 623 venisset,
1954 551 2014 607 in
2053 570 2166 626 quo
2210 563 2311 610 aut

477 650 550 706 de
591 646 889 722 republica
932 646 1342 721 disputaretur,
1379 657 1477 703 aut
1505 647 1576 702 de
1604 644 1967 722 philosophia
1994 665 2181 704 sermo
2209 647 2311 704 ha·

476 744 726 815 beretur,
755 758 1052 817 nunquam
1096 741 1233 799 inde
1272 739 1435 817 prius
1476 741 1762 814 discessit,
1804 742 1974 816 quam
2021 742 2092 798 ad
2131 743 2305 800 finem

475 857 663 895 sermo
711 822 863 894 esset
912 837 1214 895 adductus.
1290 837 1697 912 Paupertatem
1754 834 1899 893 adeo
1955 835 2126 894 facile
2181 857 2309 913 per-

395 936 435 991 5
472 953 676 1010 pessus
704 945 810 1005 est,
841 944 905 991 ut
945 933 1016 989 de
1051 932 1351 1008 republica
1378 932 1524 989 nihil
1551 943 1756 1008 praeter
1784 931 2025 1007 gloriam
2068 932 2304 1008 ceperit.

475 1028 815 1087 Amicorum
869 1027 930 1085 in
986 1048 1046 1085 se
1096 1029 1314 1086 tuendo
1367 1027 1555 1086 caruit
1609 1027 2011 1098 facultatibus3
2069 1028 2181 1085 fide
2233 1029 2308 1085 ad

476 1124 617 1182 aiios
658 1124 1040 1182 sublevandos
1084 1122 1236 1200 saepe
1279 1123 1365 1181 sic
1399 1143 1538 1180 usus
1580 1134 1687 1196 est,
1718 1135 1781 1181 ut
1818 1123 1999 1199 possit
2033 1122 2306 1199 judicari,

472 1218 669 1277 omnia
697 1218 752 1275 ei
781 1237 913 1275 cum
946 1218 1150 1275 amicis
1179 1218 1355 1276 fuisse
1385 1217 1733 1279 communia.
1816 1217 1973 1276 Nam
2002 1236 2176 1293 quum
2208 1229 2308 1277 aut

474 1313 688 1370 civium
736 1332 968 1370 suorum
1019 1312 1223 1388 aliquis
1271 1314 1346 1369 ab
1400 1313 1659 1370 hostibus
1718 1324 1872 1371 esset
1926 1325 2150 1389 captuS,
2208 1324 2309 1372 aut

360 1410 434 1468 10
472 1407 633 1484 virgo
684 1407 857 1464 amici
903 1407 1117 1463 nubilis
1164 1419 1394 1483 propter
1430 1419 1827 1483 paupertatem
1875 1407 2146 1465 collocari
2186 1426 2305 1465 non

470 1513 684 1580 posset,
717 1502 1032 1560 amicorum
1063 1501 1378 1559 concilium
1422 1503 1692 1575 habebat,
1722 1515 1799 1576 et,
1836 1515 2114 1577 quantum
2154 1503 2307 1578 quis-

472 1618 583 1674 que
625 1599 807 1669 daret,
848 1617 952 1672 pro
993 1596 1271 1672 cujusque
1316 1597 1686 1655 facultatibus
1715 1597 2050 1673 imperabat.
2132 1597 2308 1654 Eam-

473 1712 584 1768 que
614 1710 895 1749 summam
925 1710 1104 1765 quum
1147 1692 1384 1764 fecerat,
1425 1691 1757 1767 priusquam
1801 1691 2090 1768 acciperet
2129 1711 2307 1768 pecu-

474 1787 652 1858 niam,
696 1786 1020 1844 adducebat
1060 1805 1214 1858 eum,
1257 1784 1355 1861 qui
1395 1787 1707 1861 quaerebat,
1752 1788 1821 1844 ad
1866 1806 1984 1860 e03,
2027 1787 2126 1862 qui
2166 1807 2305 1846 con·

360 1882 436 1939 15
477 1880 771 1940 serebant:
814 1879 980 1955 eique
1010 1892 1072 1938 ut
1101 1879 1208 1956 ipsi
1237 1892 1630 1953 numerarent,
1662 1881 1945 1939 faciebat:
1988 1893 2053 1940 ut
2080 1881 2195 1955 ille,
2228 1883 2303 1940 ad

474 1995 648 2053 quem
689 1994 761 2033 ea
800 1995 891 2033 res
930 1975 1323 2052 perveniebat,
1356 1975 1549 2050 sciret,
1592 1988 1871 2051 quantum
1913 1977 2122 2053 cuique
2163 1976 2302 2035 deb-

472 2084 610 2130 eret.

552 2165 660 2224 IV.
744 2165 1002 2224 Tentata
1045 2178 1236 2225 autem
1277 2166 1404 2243 ejus
1445 2178 1533 2225 est
1576 2165 1927 2225 abstinentia
1981 2186 2014 2225 a
2065 2165 2303 2227 Diome-

473 2262 648 2320 donte
690 2260 1008 2337 Cyziceno.
1054 2341 1057 2342 ⁷
1088 2261 1358 2337 Namque
1387 2261 1436 2319 is
1477 2273 1680 2338 rogatu
1722 2262 2063 2323 Artaxerxis
2090 2264 2303 2341 Epam-

352 2357 433 2415 20
473 2354 748 2414 inondam
819 2356 1074 2432 pecunia
1143 2358 1630 2432 corrumpendum
1708 2371 2055 2436 susceperat.
2098 2381 2110 2392 ’
2179 2359 2301 2419 Hic

471 2470 685 2528 magno
727 2470 861 2508 cum
909 2452 1162 2527 pondere
1206 2451 1331 2509 auri
1372 2453 1613 2510 Thebas
1653 2452 1831 2527 venit,
1872 2466 1932 2513 et
1970 2453 2300 2530 Micythum

473 2546 965 2606 adolescentulum
993 2547 1245 2623 quinque
1267 2548 1502 2607 talentis
1533 2550 1604 2607 ad
1634 2569 1798 2608 suam
1814 2550 2083 2626 perduxit
2104 2552 2300 2609 volun-

469 2654 682 2701 tatem:
750 2662 921 2718 quem
976 2654 1098 2701 tum
1153 2643 1589 2720 Epaminondas
1634 2644 1947 2721 plurimum
2001 2645 2294 2721 diligebat.

470 2734 769 2812 Micythus
809 2736 1274 2811 Epaminondam
1317 2740 1607 2812 convenit,
1638 2752 1696 2798 et
1738 2760 1975 2798 causam
2016 2740 2300 2798 adventus

349 2832 431 2889 25
470 2830 875 2888 Diomedontis
946 2832 1215 2891 ostendit.
1327 2834 1410 2892 At
1479 2834 1574 2891 ille
1637 2834 2024 2893 Diomedonte
2079 2854 2295 2909 coram,

468 2925 662 2997 Nihil,
692 2924 896 3000 inquit,
927 2944 1067 3002 opus
1097 2926 1353 3003 pecunid
1394 2936 1494 2985 est.
1578 2928 1736 2984 Nam
1776 2928 1829 2984 si
1869 2947 1938 2985 ea
1976 2928 2109 2985 Rex
2150 2930 2295 3002 vult,

467 3040 594 3098 quae
646 3020 934 3077 Thebanis
976 3022 1094 3078 sint
1133 3022 1329 3094 utilia,
1353 3022 1575 3096 gratiis
1598 3020 1811 3097 facere
1842 3041 1963 3078 sum
1991 3031 2290 3097 paratum

467 3116 560 3172 sin
589 3122 774 3172 autem
804 3116 1122 3188 contraria,
1151 3135 1263 3172 non
1291 3116 1458 3172 habet
1487 3116 1621 3172 auri
1648 3123 1819 3190 atque
1848 3116 2081 3190 argenti
2106 3114 2255 3175 satis
2273 3139 2296 3181 ‚-

467 3219 705 3285 namque
733 3209 886 3266 orbis
915 3216 1199 3265 terrarum
1228 3209 1471 3265 divitias
1502 3197 1758 3284 decipere
1780 3210 1926 3282 ηοῖο,
1938 3229 2053 3285 pro
2070 3212 2295 3286 patriae

349 3304 429 3362 30
470 3304 734 3360 caritate.
830 3302 931 3374 Te,
955 3302 1056 3378 qui
1081 3322 1162 3358 me
1185 3302 1539 3376 incognitum
1561 3305 1819 3377 tentasti,
1844 3306 2039 3381 tuique
2060 3305 2292 3363 similem

468 3390 855 3469 existamasti,
899 3416 1010 3454 non
1057 3397 1254 3470 miror,
1297 3398 1513 3474 tibique
1553 3399 1825 3473 ignosc0,·
1893 3400 1998 3457 sed.
2029 3400 2293 3475 egredere

456 3489 726 3572 propere,
775 3511 842 3548 ne
897 3493 1042 3549 alios
1098 3512 1451 3570 corrumpas,
1508 3515 1676 3571 quum
1723 3516 1805 3553 me
1852 3515 1963 3553 non
2005 3495 2287 3571 potueris,

481 3588 593 3663 Tu,
634 3587 916 3664 Micytke,
959 3597 1261 3664 argentum
1302 3590 1435 3647 huie
1476 3590 1683 3657 redde,·
1732 3592 1849 3649 nisi
1889 3590 1957 3649 id
1993 3589 2288 3666 confestim
