2619 4349
1041 463 1409 515 DATAMEs.
1543 464 1548 468 ·
2181 456 2280 517 5⁷*

310 624 517 682 duerat
543 623 735 694 venit3
778 624 1001 699 quaerit,
1030 625 1409 700 quibuslocis
1446 625 1522 684 sit
1563 625 1773 702 Aspis;
1817 625 2139 702 cognoscit,

312 713 465 777 haud
493 717 668 795 longe
702 720 924 793 abesse,
953 721 1391 797 profectumque
1413 741 1549 778 eum
1571 733 1859 779 venatum.
1941 721 2143 782 Quem

310 812 449 872 dum
478 815 830 891 speculatur,
862 816 1142 873 adventus
1172 816 1299 891 ejus
1328 836 1507 874 causa
1528 816 1915 894 cognoscitur.
1998 816 2144 874 Pisi·

309 910 414 967 das
443 929 578 967 cum
609 910 698 982 iis,
728 930 871 986 quos
899 929 1098 968 secum
1127 912 1401 985 habebat,
1434 914 1507 969 ad
1548 912 1935 971 resistendum
1964 912 2143 989 Aspis

309 1018 622 1082 comparat.
706 1006 777 1062 Id
807 1006 1085 1064 Datames
1113 1006 1214 1064 ubi
1237 1007 1477 1080 audivit,
1499 1027 1658 1066 arma
1675 1008 1869 1080 sumit,
1893 1026 2141 1084 suosque
2179 1009 2223 1067 5

309 1101 471 1176 sequi
521 1100 687 1177 jubet
712 1120 724 1159 ε
770 1100 890 1177 ipse
945 1120 1094 1176 equo
1141 1102 1435 1160 concitato
1492 1102 1565 1159 ad
1617 1104 1841 1161 hostem
1897 1102 2140 1162 vehitur.

305 1195 507 1258 Quem
560 1197 760 1272 procul
805 1196 982 1273 Aspis
1030 1195 1400 1273 conspiciens
1445 1198 1517 1254 ad
1546 1217 1608 1255 se
1639 1198 1941 1270 ferentem,
1969 1197 2142 1273 perti·

308 1290 533 1363 mescit,
559 1303 727 1367 atque
753 1311 786 1348 a
813 1304 1027 1350 conatu
1056 1292 1364 1350 resistendi
1412 1292 1739 1365 deterrituS,
1788 1312 1916 1349 sese
1960 1293 2138 1352 dedit.

310 1384 495 1442 Hunc
549 1386 829 1444 Datames
883 1386 1142 1445 vinctum
1200 1388 1271 1444 ad
1319 1387 1550 1464 Regem
1593 1387 1927 1445 ducendum
1964 1388 2141 1447 tradit

310 1479 657 1540 Mithridati.
2182 1484 2259 1543 lo

384 1577 459 1634 V.
544 1576 693 1634 Haec
742 1577 881 1634 dum
924 1590 1224 1653 geruntur,
1273 1578 1628 1636 Artaxerxes
1670 1577 2073 1651 reminiscens,
2106 1596 2139 1634 a

304 1683 522 1746 quanto
550 1672 721 1744 be110‚
766 1672 838 1729 ad
882 1671 1055 1747 quam
1102 1691 1337 1748 parvam
1387 1692 1509 1729 rem
1550 1672 1874 1748 principem
1918 1673 2136 1730 ducum

305 1767 576 1839 misisset,
606 1767 814 1843 seipse
841 1766 1232 1843 reprehendit,
1271 1778 1328 1825 et
1359 1766 1628 1825 nuntium
1685 1769 1757 1825 ad
1812 1766 2136 1826 exercitum

307 1862 478 1919 Acen
508 1861 684 1935 misit,
712 1860 866 1937 quod
896 1863 1154 1920 nondum
1184 1862 1494 1920 Datamem
1516 1864 1840 1938 profectum
1869 1863 2133 1939 putabat,

305 1956 404 2031 qui
434 1956 674 2029 diceret,
704 1976 779 2013 ne
810 1957 881 2013 ab
909 1957 1170 2015 exercitu
1215 1957 1559 2014 discederet.
1643 1956 1763 2013 Hic
1799 1958 2133 2032 priusquam
2179 1959 2256 2015 15

301 2051 650 2128 perveniret,
679 2048 792 2126 quo
822 2062 946 2109 erat
973 2052 1287 2127 profectuS,
1332 2051 1392 2108 in
1444 2050 1650 2108 itinere
1699 2051 1990 2123 convenit,
2035 2051 2134 2125 qui

301 2146 513 2224 Aspim
542 2147 852 2205 ducebant.
934 2145 1077 2208 Qua
1105 2145 1403 2205 celeritate
1431 2164 1609 2222 quum
1634 2164 1905 2222 magnam
1928 2146 2137 2203 benev-

300 2242 578 2301 olentiam
607 2242 795 2319 Regis
822 2242 1099 2300 Datames
1127 2254 1479 2300 consecutus
1507 2253 1679 2314 esset,
1709 2262 1826 2300 non
1849 2241 2132 2299 minorem

304 2338 583 2396 invidiam
614 2337 933 2395 aulicorum
948 2337 1211 2418 excepit,
1230 2337 1329 2412 qui
1355 2336 1516 2394 illum
1537 2356 1718 2394 unum
1736 2336 1938 2413 pluriS,
1958 2334 2133 2411 quam

302 2454 365 2491 se
409 2452 633 2506 omneS,
688 2431 814 2489 fieri
857 2431 1146 2490 videbant.
1249 2432 1392 2493 Quo
1441 2432 1593 2490 facto
1641 2431 1841 2490 cuncti
1885 2432 1955 2488 ad
1999 2451 2133 2489 eum
2172 2431 2253 2490 20

300 2528 746 2605 opprimendum
811 2538 1250 2586 consenserunt.
1362 2525 1511 2584 Haec
1581 2526 1896 2598 Pandates,
1965 2545 2132 2601 gazae

302 2636 500 2681 custos
546 2622 776 2699 Regiae,
821 2622 1044 2680 amicus
1088 2621 1345 2694 Datami,
1393 2620 1714 2697 perscripta
1763 2621 1819 2678 ei
1846 2621 2042 2693 mittit,
2073 2622 2133 2679 in

302 2718 512 2793 quibus
540 2718 730 2790 docet,
759 2737 879 2774 eum
906 2736 1114 2792 magno
1124 2714 1267 2793 fore
1283 2717 1567 2792 periculo,
1597 2718 1651 2774 si
1679 2716 1824 2793 quid
1846 2717 1945 2774 illo
1966 2718 2136 2792 impe·

303 2822 468 2870 rante
497 2813 559 2869 in
586 2811 863 2889 AEgypto
887 2812 1117 2870 adversi
1145 2812 1466 2870 accidisset.
1549 2811 1815 2888 Namque
1853 2831 1974 2870 eam
2017 2833 2134 2870 esse

304 2909 755 2967 consuetudinem
784 2910 1025 2984 regiam,
1054 2916 1118 2965 ut
1146 2929 1313 2965 casus
1356 2908 1622 2965 adversos
1670 2909 1990 2965 hominibus
2030 2908 2135 2964 tri·
2171 2908 2252 2965 25

302 3005 502 3077 buant,
532 3005 800 3062 secundos
810 3002 1078 3081 fortunce
1106 3023 1260 3059 suce:
1302 3003 1588 3079 quofleri,
1619 3009 1683 3059 ut
1701 3000 1899 3077 facile
1943 3003 2134 3076 impel-

303 3101 502 3158 lantur
530 3099 614 3155 ad
634 3119 821 3156 eorum
842 3098 1171 3175 perniciem,
1201 3116 1436 3173 quorum
1459 3095 1634 3152 ductu
1661 3115 1750 3152 res
1778 3092 1923 3151 male
1950 3102 2133 3168 gestoe

302 3197 676 3252 nuntientur.-
718 3194 873 3251 illum
901 3190 1007 3251 Ιιόε
1050 3191 1260 3268 mcy'ore
1284 3189 1429 3268 fore
1470 3191 1533 3248 in
1572 3190 1918 3261 discrimine,
1958 3187 2132 3265 qudd,

303 3290 507 3367 quibus
538 3289 670 3346 Rea:
716 3285 955 3346 maxime
1003 3287 1251 3360 obediat,
1300 3307 1391 3345 eos
1435 3286 1644 3343 habeat
1691 3285 2130 3343 inimicissimos·

303 3385 555 3443 Talibus
605 3385 700 3441 ille
744 3383 951 3442 litteris
1000 3383 1271 3460 cognitiS,
1312 3402 1489 3458 quum
1529 3381 1649 3459 jam
1695 3382 1767 3438 ad
1808 3381 2129 3439 exercitum
2170 3381 2251 3439 30

306 3483 479 3538 Acen
508 3479 781 3552 venisset,
809 3477 962 3555 quod
995 3499 1110 3537 non
1143 3478 1448 3555 ignorabat
1475 3497 1547 3535 ea
1579 3475 1722 3535 -vere
1758 3477 1990 3553 scripta,
2037 3478 2135 3533 de-

306 3578 559 3634 sciscere
580 3596 614 3632 a
631 3575 804 3652 Rege
822 3574 1140 3632 constituit.
1210 3572 1418 3647 Neque
1439 3584 1632 3630 tamen
1648 3572 1954 3647 quicquam
1973 3572 2130 3643 fecit,

303 3672 457 3753 quod
487 3670 600 3729 fide
630 3670 737 3730 sua
765 3682 917 3730 esset
945 3669 1268 3748 indignum.
1353 3667 1509 3726 Nam
1540 3666 1942 3727 Mandroclem
1968 3667 2133 3744 Mag-
