2619 4349
337 363 418 423 34
1139 371 1593 425 ALCIBIADES.

457 534 617 593 Laco
644 535 817 593 rebus
845 546 1167 593 commotus
1195 534 1412 608 statuit,
1460 533 1789 593 accuratius
1828 532 1939 591 sibi
1984 533 2278 610 agendum

454 649 589 688 cum
614 629 1012 689 Pharnabazo.
1097 630 1256 688 Huic
1284 650 1426 706 ergo
1451 629 1764 702 renuntiat,
1792 648 1919 704 quae
1949 628 2107 705 Regi
2146 647 2284 686 cum

456 724 916 783 Lacedaemoniis
968 738 1182 799 essent,
1240 725 1399 784 irrita
1462 727 1672 798 sutura,
1742 725 1855 783 nisi
1911 724 2284 782 Alcibiadem

455 820 646 876 vivum
677 832 774 878 aut
802 832 1087 878 mortuum
1118 820 1465 879 tradidisset.
1548 819 1686 878 Non
1715 820 1845 878 tulit
1866 821 1978 885 hoc
2001 831 2283 896 satrapes,

373 918 415 975 5
456 926 513 973 et
542 915 751 972 violare
780 916 1168 989 clementiam,
1198 913 1371 992 quam
1400 915 1588 991 Regis
1624 934 1763 991 opes
1802 914 2008 987 minui,
2059 914 2280 972 maluit.

457 1008 659 1085 Itaque
709 1010 863 1068 misit
912 1010 1311 1086 Sysamithren
1360 1022 1418 1068 et
1466 1010 1741 1087 Bagaeum
1787 1011 1859 1067 ad
1911 1009 2280 1067 Alcibiadem

456 1104 940 1179 interficiendum,
970 1126 1145 1182 quum
1176 1106 1271 1164 ille
1320 1117 1473 1164 esset
1521 1106 1581 1162 in
1619 1105 1892 1181 Phrygia,
1940 1107 2157 1180 iterque
2206 1105 2278 1161 ad

456 1199 685 1276 Regem
741 1215 1113 1277 compararet.
1217 1201 1408 1275 Missi,
1464 1202 1614 1258 clam
1683 1200 1987 1273 vicinitati,
2054 1200 2111 1257 in
2165 1199 2283 1283 qua

458 1306 580 1352 tum
610 1295 950 1352 Alcibiades
973 1307 1116 1368 erat,
1147 1296 1287 1354 dant
1316 1296 1636 1372 negotium,
1666 1307 1727 1353 ut
1750 1315 1884 1354 eum
1909 1296 2279 1354 interficiant.

346 1389 417 1447 10
458 1388 553 1447 Illi
579 1409 755 1465 quum
785 1410 916 1447 eum
949 1392 1096 1449 ferro
1126 1391 1364 1468 aggredi
1394 1410 1511 1449 non
1556 1392 1855 1464 auderent,
1900 1403 2077 1450 noctu
2121 1391 2285 1467 ligna

457 1486 828 1544 contulerunt
856 1486 1015 1543 circa
1041 1505 1237 1543 casam
1276 1505 1427 1559 eam,
1458 1485 1517 1543 in
1566 1487 1680 1561 qua
1728 1487 2082 1562 quiescebat,
2126 1505 2282 1543 eam-

457 1600 567 1655 que
597 1582 1059 1652 succenderunt3
1104 1592 1168 1639 ut
1196 1580 1471 1640 incendio
1499 1582 1874 1656 conficerent,
1903 1601 2076 1658 quem
2102 1601 2282 1639 manu

458 1676 714 1752 superari
742 1696 909 1753 posse
948 1677 1302 1736 diffidebant.
1385 1676 1494 1735 Ille
1541 1689 1733 1737 autem
1782 1688 1847 1737 ut
1887 1677 2082 1736 sonitu
2124 1677 2285 1734 flam-

458 1789 566 1826 mae
595 1782 684 1828 est
705 1770 1009 1844 excitatu8‚
1037 1771 1145 1829 etsi
1173 1771 1401 1849 gladius
1439 1772 1494 1830 ei
1537 1784 1661 1832 erat
1702 1773 2044 1847 subductuS,
2075 1773 2285 1832 famili·

344 1866 418 1923 15
461 1866 572 1924 aris
600 1866 689 1924 sui
718 1866 982 1925 subalare
1010 1867 1189 1925 telum
1235 1867 1463 1944 eripuit.
1546 1866 1817 1944 Namque
1858 1879 1983 1927 erat
2030 1888 2165 1927 cum
2211 1889 2286 1928 eo

456 1962 691 2038 quidam
720 1982 792 2020 ex
822 1962 1080 2022 Arcadia
1108 1964 1337 2040 hospe5,
1364 1963 1464 2040 qui
1512 1982 1809 2040 nunquam
1852 1964 2153 2023 discedere
2189 1985 2285 2024 vo-

456 2057 658 2117 luerat.
746 2057 925 2116 Hunc
952 2057 1114 2134 sequi
1143 2078 1206 2116 se
1228 2057 1415 2135 jubet,
1456 2069 1514 2117 et
1547 2058 1626 2132 id,
1674 2060 1827 2135 quod
1870 2059 1931 2117 in
1972 2060 2285 2137 praesentia

457 2154 929 2213 vestimentorum
959 2153 1085 2228 fuit,
1115 2153 1331 2231 arripit.
1415 2153 1529 2212 His
1556 2153 1616 2213 in
1647 2153 1842 2232 ignem
1879 2155 2083 2233 ejectis
2125 2156 2284 2216 flam-

459 2268 567 2307 mae
590 2248 705 2306 vim
733 2249 978 2309 transiit.
1059 2249 1260 2311 Quem
1289 2261 1355 2309 ut
1381 2249 1609 2308 barbari
1638 2250 1977 2310 incendium
2005 2252 2282 2329 effugisse

339 2345 421 2403 20
459 2344 746 2417 viderunt,
775 2344 906 2402 telis
943 2342 1227 2425 [eminus]
1276 2343 1469 2404 missis
1513 2342 1948 2420 interfecerunt,
1994 2358 2279 2423 caputque

457 2440 585 2516 ejus
614 2440 686 2497 ad
714 2439 1160 2498 Pharnabazum
1187 2440 1526 2500 retulerunt.
1612 2440 1695 2500 At
1722 2441 1949 2516 mulier,
1991 2460 2118 2517 quae
2144 2461 2280 2500 cum

460 2555 530 2595 eo
583 2535 771 2593 vivere
827 2534 1153 2610 consuerat,
1209 2536 1478 2595 muliebri
1543 2536 1650 2595 sua
1724 2549 1881 2596 veste
1947 2549 2280 2597 contectum

458 2631 690 2688 aedificii
746 2631 1019 2690 incendio
1073 2643 1361 2690 mortuum
1418 2633 1716 2706 cremavit,
1771 2634 1923 2709 quod
1974 2634 2046 2692 ad
2090 2633 2282 2691 vivum

461 2724 907 2784 interimendum
937 2738 1060 2785 erat
1088 2739 1501 2804 comparatum.
1587 2728 1688 2786 Sic
1717 2728 2055 2786 Alcibiades
2099 2748 2282 2788 annos

341 2821 421 2879 25
461 2819 692 2879 circiter
721 2820 1100 2897 quadraginta
1128 2833 1298 2884 natus
1326 2822 1479 2879 diem
1508 2820 1652 2879 obiit
1679 2841 2027 2898 supremum.

539 2916 651 2973 XI.
736 2916 916 2974 Hunc
973 2916 1311 2974 infamatum
1363 2935 1397 2972 a
1447 2915 1735 2992 plerisque
1790 2928 1905 2973 tres
1958 2916 2282 2990 gravissimi

460 3011 721 3070 historici
749 3012 988 3070 summis
1016 3012 1282 3069 laudibus
1326 3012 1693 3069 extulerunt:
1737 3010 2139 3085 Thucydides,
2184 3010 2280 3083 qui

460 3107 721 3184 ejusdem
745 3108 928 3167 aetatis
958 3107 1096 3177 fuit3
1141 3107 1576 3182 Theopompus,
1605 3104 1705 3179 qui
1733 3104 1841 3163 fuit
1866 3102 1995 3180 post
2031 3102 2285 3179 aliquan-

461 3200 521 3260 to
540 3213 730 3274 natm,
754 3213 812 3260 et
834 3200 1112 3258 Timaeus.
1179 3198 1306 3261 Qui
1330 3198 1564 3273 quidem
1588 3200 1702 3257 duo
1724 3198 2281 3271 maledicentissimi,

345 3298 424 3355 ‘10
463 3296 662 3355 nescio
709 3316 822 3371 quo
865 3295 1054 3366 mod0,
1106 3294 1165 3351 in
1223 3294 1319 3351 illo
1376 3313 1494 3351 uno
1541 3294 1835 3354 laudando
1890 3292 2280 3353 conscierunt.

463 3390 731 3467 Namque
760 3410 849 3462 ea,
871 3408 996 3465 quae
1017 3387 1188 3465 supra
1210 3388 1481 3463 diximus,
1501 3389 1573 3445 de
1596 3408 1665 3446 eo
1680 3389 2091 3466 praedicarunt,
2116 3402 2283 3466 atque

463 3488 574 3546 hoc
620 3482 899 3561 amplius:
962 3503 1136 3559 quum
1188 3485 1459 3558 Athenisz,
1515 3485 1982 3562 splendidissima
2029 3486 2281 3560 civitate,

464 3594 633 3641 natus
651 3591 822 3643 esset.
838 3597 1045 3663 omnes
1068 3582 1371 3657 splendore
1396 3602 1464 3641 ac
1488 3582 1768 3662 dignitate
1792 3584 2095 3662 superasse
2119 3583 2280 3645 vitae:
