2619 4349
1043 408 1445 467 HAMILCAR.
1477 469 1481 474 ,
2182 403 2259 464 97

322 569 576 647 Lutatio,
606 577 844 634 consule
874 576 1292 649 Romanorum,
1324 574 1596 652 superati,
1641 586 1966 632 statuerunt
2008 574 2146 632 belli
2213 595 2240 615 ⁸

321 670 499 728 finem
529 672 740 744 facere,
770 691 1011 747 eamque
1038 691 1159 729 rem
1207 671 1443 729 arbitrio
1491 669 1875 745 permiserunt
1924 669 2148 726 Hamil-

321 766 489 823 caris.
573 766 701 839 Ille,
757 766 866 824 etsi
920 766 1200 841 flagrabat
1253 765 1508 822 bellandi
1563 764 1901 841 cupiditate,
1950 777 2147 823 tamen

318 861 453 937 paci
481 860 846 918 serviendum
873 860 1111 937 putavit,
1140 858 1295 935 quod
1323 860 1566 935 patriam
1594 861 1934 918 exhaustam
1959 879 2149 936 sump-

320 957 497 1029 tibus,
526 957 744 1014 diutius
772 955 1159 1013 calamitatem
1189 955 1327 1011 belli
1357 955 1502 1011 ferre
1526 974 1642 1012 non
1670 974 1838 1031 posse
1868 953 2149 1030 intellige-
2187 955 2228 1012 5

323 1055 422 1131 bat
440 1074 454 1124 ;
497 1055 600 1111 sed
629 1055 728 1127 ita,
759 1066 821 1112 ut
850 1053 1040 1111 statim
1069 1063 1263 1109 mente
1304 1051 1568 1127 agitaret,
1598 1051 1646 1110 si
1688 1049 1926 1127 paulum
1975 1049 2147 1110 modo

323 1168 417 1205 res
443 1160 639 1206 essent
659 1149 910 1218 refectae,
942 1147 1157 1203 bellum
1188 1164 1485 1217 renovare,
1517 1145 1928 1220 Romanosque
1978 1145 2151 1202 armis

321 1243 608 1319 persequi,
637 1242 912 1300 donicum
942 1251 1042 1299 aut
1069 1238 1226 1298 certe
1268 1239 1561 1312 vicissent,
1613 1250 1711 1297 aut
1758 1239 1895 1297 victi
1944 1259 2150 1297 manus

324 1338 636 1396 dedissent.
747 1338 880 1396 Hoc
935 1336 1178 1395 consilio
1243 1355 1449 1411 pacem
1514 1335 1866 1408 conciliavit,
1921 1335 1980 1392 in
2036 1335 2149 1409 quii

326 1433 488 1490 tanta
523 1432 632 1490 fuit
659 1432 894 1504 ferocia,
924 1443 1008 1504 ut,
1051 1450 1225 1506 quum
1251 1431 1496 1487 Catulus
1539 1441 1781 1506 negaret
1827 1449 1890 1486 se
1934 1430 2148 1487 bellum
2195 1431 2270 1489 10

324 1527 795 1602 compositurum,
824 1526 938 1584 nisi
993 1526 1088 1585 ille
1143 1545 1278 1583 cum
1335 1525 1475 1598 suis,
1523 1524 1625 1600 qui
1674 1524 1924 1601 Erycem
1953 1537 2153 1584 tenue-

323 1633 481 1695 runt,
540 1621 713 1680 armis
765 1620 1002 1692 relictis,
1059 1620 1262 1678 Sicilia
1314 1620 1686 1693 decederent,
1731 1619 2151 1678 succumbente

323 1716 530 1793 patria,
561 1716 681 1792 ipse
708 1715 1023 1791 periturum
1053 1734 1114 1772 se
1141 1714 1335 1791 potius
1365 1715 1593 1786 dixerit,
1624 1713 1797 1788 quam
1827 1735 1961 1772 cum
1991 1726 2153 1773 tanto

327 1810 545 1886 flagitio
588 1811 822 1867 domum
870 1809 1098 1867 rediret.
1183 1808 1321 1867 Non
1365 1809 1523 1866 enim
1568 1828 1686 1866 suae
1734 1829 1861 1867 esse
1907 1809 2152 1883 virtutiS,

325 1924 485 1962 arma
512 1923 547 1961 a
571 1904 756 1980 patria
807 1916 1046 1980 accepta
1095 1901 1370 1961 adversus
1418 1904 1612 1961 hostes
1654 1903 1996 1962 adversariis
2043 1917 2154 1962 tra·
2198 1906 2271 1963 15

324 2001 482 2058 dere.
568 1999 763 2074 Hujus
789 1998 1124 2075 pertinaciae
1155 1999 1330 2056 cessit
1359 1999 1623 2056 Catulus.

404 2095 486 2151 II.
570 2096 651 2153 At
681 2095 796 2167 ille,
827 2106 890 2152 ut
928 2094 1347 2170 Carthaginem
1390 2094 1567 2165 venit,
1612 2092 1794 2151 multo
1849 2093 2034 2166 aliter,
2086 2112 2155 2151 ac

324 2191 610 2267 sperabat,
639 2191 1055 2265 rempublicam
1083 2210 1146 2247 se
1176 2190 1487 2248 habentem
1510 2190 1796 2266 cognovit.
1882 2190 2152 2265 Namque

324 2286 702 2345 diuturnitate
749 2286 972 2344 externi
1026 2286 1162 2342 mali
1226 2284 1454 2344 tantum
1528 2285 1744 2344 exarsit
1813 2286 2153 2345 intestinum

325 2383 561 2454 bellum,
591 2394 653 2440 ut
675 2401 969 2455 nunquam
996 2382 1119 2457 pari
1157 2381 1416 2456 periculo
1461 2380 1632 2439 fuerit
1680 2382 1995 2458 CarthagO,
2042 2380 2154 2439 nisi
2193 2381 2273 2440 20

324 2496 502 2552 quum
526 2476 716 2533 deleta
749 2487 852 2533 est.
937 2474 1132 2533 Primo
1162 2474 1510 2532 mercenarii
1537 2474 1768 2548 milites,
1813 2476 1910 2551 qui
1960 2477 2157 2534 adver-

326 2569 426 2629 sus
471 2570 773 2628 Romanos
828 2571 1075 2642 fuerant,
1132 2569 1541 2627 desciverunt:
1584 2588 1827 2644 quorum
1878 2589 2155 2628 numerus

326 2675 452 2722 erat
480 2664 685 2740 viginti
723 2663 985 2722 millium.
1068 2663 1151 2721 Hi
1193 2675 1369 2723 totam
1418 2662 1822 2722 abalienarunt
1870 2664 2153 2738 Africam,

328 2760 511 2837 ipsam
541 2760 956 2835 Carthaginem
1004 2759 1428 2836 oppugnarunt.
1511 2758 1750 2822 Quibus
1793 2759 1960 2818 malis
2005 2757 2151 2818 adeo

328 2866 464 2913 sunt
490 2854 654 2912 Poeni
683 2853 990 2930 perterriti,
1019 2865 1084 2911 ut
1110 2854 1284 2912 etiam
1319 2854 1533 2912 auxilia
1561 2873 1596 2911 a
1624 2854 1916 2914 Romanis
1942 2856 2155 2932 petive-
2193 2857 2274 2915 25

328 2950 463 3021 rint,
486 2968 667 3024 eaque
697 2947 1073 3025 impetrarint.
1159 2949 1275 3006 Sed
1306 2947 1585 3022 extremo,
1629 2969 1806 3025 quum
1841 2969 2015 3026 prope
2039 2950 2158 3026 jam

331 3045 401 3101 ad
434 3043 894 3119 desperationem
948 3042 1367 3119 pervenissent,
1411 3043 1807 3100 Hamilcarem
1858 3044 2159 3119 imperato-

329 3159 450 3197 rem
481 3141 759 3197 fecerunt.
844 3137 905 3196 Is
932 3157 1050 3195 non
1079 3135 1264 3196 solum
1294 3138 1489 3195 hostes
1520 3156 1553 3195 a
1580 3137 1759 3195 muris
1784 3138 2159 3215 Carthaginis

330 3234 590 3306 removit,
613 3253 787 3309 quum
813 3230 1059 3309 amplius
1101 3244 1337 3290 centum
1365 3231 1548 3290 millia
1575 3232 1728 3291 facta
1755 3244 1948 3291 essent
1980 3253 2161 3292 arma-

332 3342 561 3399 torum3
606 3329 707 3386 sed
753 3328 925 3386 etiam
976 3326 1046 3384 eo
1096 3328 1393 3403 compulit,
1443 3339 1526 3400 ut,
1570 3329 1827 3387 locorum
1878 3329 2160 3407 angustiis
2200 3330 2279 3389 30

331 3424 536 3498 clausi,
589 3425 783 3500 plures
838 3424 1009 3495 fame,
1064 3421 1236 3497 quam
1292 3424 1442 3481 ferro
1513 3422 1830 3483 interirent.
1941 3423 2162 3483 Omnia

329 3520 543 3597 oppida
570 3519 914 3590 abalienata,
946 3517 1004 3574 in
1044 3517 1134 3574 his
1177 3517 1408 3575 Uticam
1461 3530 1629 3592 atque
1674 3518 2026 3596 Hipponem,
2069 3540 2163 3580 va·

332 3613 656 3675 lentissima
698 3614 871 3671 totius
927 3612 1168 3684 Africae,
1225 3611 1472 3671 restituit
1526 3613 1743 3688 patriae.
1829 3612 2036 3690 Neque
2090 3634 2163 3675 eo

811 3707 852 3765 9
