2619 4349
1090 440 1345 491 emon.
2178 432 2255 493 21

313 598 527 675 plicem
555 598 670 658 Dei
698 598 918 659 videret
945 598 1007 658 in
1037 600 1137 658 ara
1164 601 1488 674 sedentem,
1516 600 1741 676 quaerit,
1769 619 1962 661 causae
1999 601 2138 678 quid

314 694 389 753 sit
416 706 532 753 tam
561 695 866 772 repentino
912 696 1174 755 consilio.
1259 696 1423 754 Huic
1465 696 1584 770 ille,
1628 696 1767 773 quid
1814 715 1888 755 ex
1934 695 2142 757 litteris

313 789 709 866 comperisset,
729 789 929 867 aperit.
1013 790 1213 850 Tanto
1229 791 1419 868 magis
1435 791 1759 850 Pausanias
1774 792 2143 869 perturbatus

313 903 478 943 orare
506 885 702 962 coepit,
731 905 807 944 ne
835 886 1187 960 enuntiaret,
1215 905 1331 945 nec
1358 905 1442 960 se,
1474 886 1743 946 meritum
1787 888 1862 946 de
1904 887 2003 946 illo
2045 907 2144 964 op-

313 978 477 1053 time,
525 981 811 1056 proderet.
892 978 1077 1044 Quod
1130 981 1181 1039 si
1228 1001 1362 1040 eam
1416 982 1646 1041 veniam
1699 980 1812 1040 sibi
1864 982 2140 1057 dedisset,
2179 984 2222 1042 5

313 1075 601 1151 tantisque
629 1076 974 1153 implicitum
1015 1077 1188 1136 rebus
1229 1077 1606 1152 sublevasset,
1654 1096 1868 1154 magno
1911 1097 2042 1137 esse
2084 1077 2143 1136 ei

311 1170 548 1246 praemio
576 1173 850 1230 futurum.

336 1266 466 1325 V.
549 1266 661 1324 His
689 1268 862 1327 rebus
890 1266 1110 1344 Ephori
1137 1265 1389 1344 cognitis
1421 1266 1619 1326 satius
1662 1277 2031 1345 putaverunt,
2079 1265 2142 1329 in

314 1314 456 1418 urbe
484 1381 619 1421 eum
648 1363 1080 1439 comprehendi.
1161 1362 1305 1425 Quo
1328 1382 1507 1440 quum
1532 1375 1730 1423 essent
1761 1362 2035 1441 profecti,
2081 1373 2142 1422 et

311 1457 654 1530 Pausaniae,
684 1457 913 1534 placato
939 1458 1188 1535 Argilio,
1230 1471 1295 1519 ut
1341 1460 1602 1536 putabat,
1651 1459 2137 1518 Lacedaemonem
2183 1458 2258 1517 10

311 1565 731 1624 reverteretur3
776 1553 836 1611 in
868 1554 1094 1628 itinere,
1121 1574 1300 1630 quum
1324 1555 1446 1631 jam
1476 1555 1535 1612 in
1564 1574 1635 1613 eo
1663 1566 1839 1628 esset,
1877 1567 1942 1613 ut
1984 1574 2141 1613 com·

311 1650 786 1724 prehenderetur,
817 1669 848 1706 e
878 1650 1038 1707 vultu
1060 1650 1367 1725 cujusdam
1398 1649 1617 1726 Ephori
1644 1650 1742 1726 qui
1771 1669 1906 1708 eum
1947 1651 2141 1708 admo·

314 1761 452 1800 nere
475 1744 766 1819 cupiebat,
792 1744 1032 1802 insidias
1055 1745 1165 1802 sibi
1184 1745 1311 1803 fieri
1329 1745 1628 1803 intellexit.
1713 1744 1919 1820 Itaque
1936 1742 2141 1821 paucis

313 1837 449 1897 ante
478 1840 773 1914 gradibus,
791 1837 965 1915 quam
993 1839 1092 1916 qui
1113 1841 1524 1916 sequebantur,
1554 1839 1615 1897 in
1634 1840 1818 1898 aedem
1837 1839 2138 1911 Minervoe,

310 1953 438 2010 quae
467 1933 838 1994 Chalcioecus
865 1947 1121 2010 vocatur,
1149 1936 1430 2012 confugit.
1512 1935 1675 1993 Hinc
1702 1953 1779 1992 ne
1819 1934 1979 1992 exire
2013 1953 2139 2010 pos-
2183 1933 2259 1992 15

312 2040 420 2102 set,
450 2030 643 2088 statim
692 2029 911 2107 Ephori
956 2031 1148 2088 valvas
1189 2030 1317 2107 ejus
1364 2030 1505 2087 aedis
1551 2030 1980 2102 obstruxerunt,
2022 2040 2141 2088 tec-

311 2136 549 2202 tumque
577 2136 714 2185 sunt
752 2125 1033 2200 demoliti,
1081 2123 1196 2203 que
1246 2123 1477 2184 facilius
1523 2126 1633 2184 sub
1681 2126 1814 2185 divo
1860 2124 2136 2185 interiret.

313 2221 566 2297 Dicitur,
593 2243 667 2282 eo
692 2235 948 2300 tempore
976 2234 1219 2282 matrem
1267 2222 1575 2282 Pausanias
1620 2223 1850 2297 vixisse,
1894 2242 2137 2299 eamque

310 2317 430 2395 jam
459 2338 671 2395 magno
698 2330 861 2392 natu,
889 2331 1192 2396 postquam
1219 2319 1292 2376 de
1321 2319 1541 2377 scelere
1584 2318 1688 2377 filii
1730 2319 2029 2396 comperit,
2076 2319 2137 2376 in

313 2415 534 2492 primis,
565 2416 637 2474 ad
666 2415 849 2473 filium
876 2416 1287 2488 claudendum,
1306 2415 1561 2493 lapidem
1583 2416 1656 2474 ad
1678 2416 1978 2474 introitum
1997 2416 2136 2474 aedis
2178 2411 2262 2470 20

316 2511 595 2570 attulisse.
680 2510 784 2568 Sic
825 2510 1146 2569 Pausanias
1193 2529 1467 2587 magnam
1515 2510 1653 2569 belli
1694 2512 1936 2587 gloriam
1983 2510 2138 2587 turpi

316 2619 499 2665 morte
554 2604 884 2665 maculavit.
984 2605 1104 2662 Hic
1155 2624 1334 2680 quum
1380 2605 1738 2665 semianimis
1789 2606 1865 2662 de
1920 2608 2137 2681 templo

318 2703 511 2761 elatus
538 2715 713 2776 esset,
743 2701 1048 2761 confestim
1080 2701 1332 2759 animam
1381 2701 1610 2760 efflavit.
1694 2701 1880 2778 Cujus
1924 2702 2137 2761 mortui

316 2819 525 2874 corpus
546 2818 722 2875 quum
751 2796 958 2856 eodem
988 2797 1253 2855 nonnulli
1296 2798 1559 2856 dicerent
1606 2797 1806 2856 inferri
1851 2810 2133 2874 oportere,

316 2894 431 2969 quo
456 2895 534 2967 hi,
557 2895 656 2970 qui
674 2895 746 2952 ad
764 2892 1109 2970 supplicium
1132 2905 1328 2953 essent
1348 2893 1470 2952 dati
1492 2912 1507 2964 3
1537 2892 1833 2970 displicuit
1851 2893 2133 2970 pluribus,
2173 2893 2254 2952 25

316 3002 375 3048 et
402 2991 600 3065 procul
631 2991 704 3048 ab
730 3009 800 3047 eo
820 2991 959 3072 loco‘
973 2988 1324 3061 infoderunt,
1347 3007 1461 3064 quo
1480 2999 1605 3046 erat
1625 3000 1902 3046 mortuus.
1986 2988 2137 3046 Inde

316 3084 600 3161 posterius
629 3084 741 3141 Dei
761 3082 1030 3160 Delphici
1060 3102 1336 3158 responso
1356 3094 1573 3155 erutus,
1593 3093 1763 3158 atque
1780 3083 1984 3140 eodem
2008 3084 2136 3141 loco

316 3182 593 3258 sepultus,
624 3179 724 3237 ubi
752 3179 928 3237 vitam
956 3170 1243 3255 posuerat.

954 3419 1028 3478 v.
1112 3369 1502 3477 cffloN.

316 3589 323 3614 2
396 3554 445 3612 1.
534 3552 754 3624 cimon,
799 3548 1092 3607 Miltiadis
1103 3547 1298 3624 fitius,
1344 3547 1732 3620 Atheniensis,
1761 3533 1917 3605 duro'
1945 3548 2139 3606 admo-

319 3648 456 3707 dum
486 3649 648 3708 initio
698 3666 833 3705 usus
882 3657 968 3704 est
1014 3643 1438 3701 adolescentiae.
1533 3643 1709 3716 Nam,
1754 3662 1930 3719 quum
1976 3655 2137 3720 pater
2178 3643 2257 3703 30

2137 3977 2266 4062 ΑΓ
