2619 4349
1046 381 1406 431 EUMENES.
2172 376 2258 438 83

315 534 482 595 andri
523 537 674 619 filius
718 557 963 614 regnum
1009 539 1442 616 adipisceretur.
1528 541 1634 598 Sin
1679 541 1871 618 aliqua
1913 543 2136 619 cupidi-

314 645 430 690 tate
486 644 778 709 raperetur
831 633 894 690 in
965 633 1397 708 Macedoniarn,
1463 636 1722 694 omnium
1791 637 2133 713 injuriarum

311 727 765 801 oblivisceretur,
794 739 853 785 et
880 728 940 785 in
961 729 1255 786 neminem
1279 730 1574 789 acerbiore
1597 742 1852 790 uteretur
1874 733 2131 810 imperio.

311 823 538 880 Horum
566 822 709 879 nihil
740 841 811 879 ea
837 823 991 880 fecit.
1075 823 1231 881 Nam
1260 836 1321 883 et
1347 824 1408 881 in
1437 825 1848 885 Macedoniam
1875 830 2133 905 profecta

310 929 418 988 est,
461 929 519 975 et
574 917 653 974 ibi
708 917 1108 975 crudelissime
1159 939 1221 976 se
1275 921 1472 996 gessit.
1582 921 1757 981 Petiit
1811 936 2003 982 autem
2060 926 2133 982 ab
2171 928 2214 984 5

311 1012 576 1070 Eumene
605 1013 863 1085 absente,
892 1033 968 1071 ne
995 1025 1306 1090 pateretur,
1331 1015 1583 1092 Philippi
1606 1018 1809 1075 domfis
1826 1030 1884 1076 et
1903 1020 2132 1077 familiae

312 1106 740 1165 inimicissimos
767 1107 1003 1185 stirpem
1031 1128 1256 1185 quoque
1286 1109 1638 1184 interimere,
1663 1113 1946 1188 ferretque
1962 1133 2133 1189 opem

311 1202 507 1260 liberis
541 1203 877 1261 Alexandri.
960 1204 1162 1265 Quam
1206 1204 1434 1261 veniam
1482 1205 1532 1263 si
1575 1205 1686 1263 sibi
1734 1207 1916 1280 daret,
1960 1206 2134 1283 quam

310 1296 560 1374 primum
589 1298 883 1356 exercitus
908 1311 1156 1375 pararet,
1185 1319 1329 1375 quos
1356 1300 1468 1358 sibi
1496 1300 1753 1360 subsidio
1798 1303 2129 1361 adduceret.

313 1391 382 1449 Id
411 1392 524 1468 quo
546 1392 785 1465 ,facilius
813 1395 1048 1467 faceret,
1075 1415 1136 1452 se
1164 1395 1435 1453 omnibus
1461 1396 1768 1473 praefectis,
1797 1397 1895 1473 qui
1934 1398 1994 1454 in
2014 1398 2134 1456 offi-
2177 1399 2253 1456 lo

312 1488 405 1547 cio
432 1490 767 1562 manebant,
806 1489 1032 1547 misisse
1075 1491 1316 1563 litteras,
1367 1503 1430 1549 ut
1462 1490 1518 1548 ei
1562 1504 1852 1567 parerent,
1895 1492 2132 1568 ejusque

311 1585 569 1642 consiliis
627 1595 942 1643 uterentur.
1054 1584 1165 1642 His
1224 1586 1398 1643 rebus
1463 1585 1758 1643 Eumenes
1819 1599 2132 1662 permotuS,

311 1679 489 1737 satius
515 1680 699 1752 duxit,
729 1680 777 1737 si
808 1680 888 1738 ita
915 1680 1142 1739 tulisset
1185 1681 1434 1751 fortuna,
1483 1681 1671 1756 perire
1715 1682 1865 1738 bene
1913 1681 2134 1739 meritis

310 1775 653 1833 referentem
681 1775 945 1850 gratiam,
968 1772 1142 1849 quam
1168 1775 1460 1850 ingratum
1488 1775 1696 1832 vivere.

389 1870 529 1927 VII.
612 1869 816 1945 Itaque
845 1869 1042 1945 copias
1070 1869 1377 1941 contraxit,
1403 1869 1621 1926 bellum
1663 1867 1938 1927 adversus
1967 1870 2135 1929 Anti·
2180 1873 2256 1928 15*

309 1983 525 2040 gonum
554 1963 922 2039 comparavit.
1005 1962 1188 2024 Quod
1217 1961 1337 2019 una
1364 1975 1530 2021 erant
1577 1963 1935 2021 Macedones
1982 1984 2136 2021 com-

308 2062 504 2137 plures
545 2059 768 2118 nobiles
809 2057 897 2136 (in
944 2057 1034 2115 his
1089 2057 1424 2130 Peucestes,
1479 2058 1579 2133 qui
1633 2057 1885 2134 corporis
1941 2072 2135 2116 custos

259 2169 267 2176 ·
312 2157 496 2214 fuerat
550 2153 890 2228 Alexandri,
939 2165 1062 2213 tum
1113 2165 1304 2211 autem
1354 2153 1651 2212 obtinebat
1698 2152 2034 2224 Persidem3
2076 2163 2137 2212 et

311 2252 659 2328 Antigenes,
688 2251 857 2325 cujus
886 2250 996 2307 sub
1018 2248 1261 2325 imperio
1283 2250 1537 2325 phalanx
1560 2260 1685 2307 erat
1709 2249 2131 2327 Macedonum)

310 2348 585 2405 invidiam
634 2365 838 2403 verens
870 2344 1069 2421 (quam
1115 2356 1308 2402 tamen
1344 2345 1599 2420 effugere
1644 2363 1762 2402 non
1808 2344 2044 2423 potuit),
2084 2344 2133 2402 si
2173 2346 2253 2402 2⁰

308 2442 500 2519 potius
533 2442 655 2517 ipse
686 2440 1016 2516 alienigena
1044 2439 1255 2498 summi
1277 2439 1503 2514 imperii
1524 2440 1822 2515 potiretur,
1840 2437 2012 2514 quarn
2037 2440 2134 2496 alii

311 2538 724 2609 Macedonum,
753 2555 997 2611 quorum
1042 2534 1124 2613 ibi
1166 2546 1292 2592 erat
1341 2533 1685 2603 multitudo;
1732 2533 1791 2589 in
1835 2534 2136 2609 principiis

308 2632 543 2691 nomine
573 2630 899 2690 Alexandri
927 2630 1129 2689 statuit
1155 2627 1616 2700 tabernaculum,
1641 2626 1702 2684 in
1730 2646 1912 2703 eoque
1935 2628 2135 2684 sellam

310 2747 544 2786 auream
592 2747 727 2784 cum
773 2738 1000 2803 sceptro
1045 2744 1114 2783 ac
1158 2724 1486 2782 diademate
1525 2722 1697 2800 jussit
1719 2723 1901 2800 poni,
1950 2721 2134 2798 eoque

308 2843 511 2883 omnes
537 2822 794 2899 quotidie
823 2820 1155 2893 convenire,
1187 2831 1250 2878 ut
1277 2819 1359 2877 ibi
1387 2821 1461 2877 de
1499 2818 1740 2878 summis
1784 2818 1957 2876 rebus
1999 2838 2136 2877 con-
2173 2819 2254 2875 25

220 2991 229 2996 ᾖ
310 2920 442 2978 silia
494 2928 879 2995 caperentur:
939 2916 1186 2973 credens
1234 2914 1459 2973 minore
1512 2934 1575 2971 se
1631 2913 1849 2972 invidia
1891 2914 2030 2985 fore,
2086 2911 2136 2970 si

310 3014 506 3093 specie
529 3012 775 3090 imperii,
794 3010 1159 3086 nominisque
1178 3009 1545 3067 simulatione
1565 3007 1906 3077 Alexandri,
1920 3006 2134 3063 bellum

312 3111 600 3168 videretur
629 3107 1030 3166 administrare
1057 3126 1070 3162 ε
1112 3105 1264 3180 quod
1294 3115 1353 3162 et
1383 3103 1536 3161 fecit.
1621 3100 1778 3158 Nam
1805 3119 1981 3175 quum
2018 3118 2136 3157 non

316 3207 388 3265 ad
417 3203 702 3263 Eumenis
728 3202 1036 3279 principia,
1067 3201 1169 3259 sed
1201 3201 1271 3257 ad
1300 3198 1464 3275 regia
1505 3194 1929 3268 conveniretur,
1969 3206 2138 3271 atque

315 3302 396 3363 ibi
425 3302 496 3359 de
526 3299 698 3358 rebus
720 3298 1156 3369 deliberaretur,
1185 3296 1434 3371 quodam
1463 3294 1635 3351 modo
1666 3291 1882 3350 latebat
1904 3311 1918 3362 3
1961 3310 2139 3367 quum
2178 3291 2267 3349 3⁰·
2291 3315 2302 3316 ff

316 3409 510 3455 tamen
538 3415 640 3472 per
668 3413 803 3451 eum
831 3412 1014 3449 unum
1041 3402 1381 3467 gererentur
1409 3388 1623 3447 omnia.

394 3490 569 3549 VIII.
655 3488 774 3547 Hic
805 3488 864 3545 in
893 3486 1207 3545 Paraetacis
1234 3504 1370 3542 cum
1401 3482 1700 3559 Antigono
1722 3481 2003 3554 conflixit,
2021 3500 2140 3539 non

317 3586 445 3644 acie
473 3584 778 3657 instructa,
808 3583 910 3641 sed
939 3582 998 3639 in
1050 3581 1294 3639 itineret
1337 3598 1585 3655 eumque
1633 3575 1783 3636 male
1835 3588 2141 3653 acceptum
