2619 4349
987 408 1447 461 ALCIBIADES.
2173 399 2256 461 33

296 570 626 632 exercitiis?
706 568 916 648 Neque
944 590 1016 630 ea
1042 592 1134 630 res
1164 570 1327 628 illum
1351 568 1569 628 fefellit.
1655 562 1809 624 Nam
1833 566 2135 644 Lysander

294 688 474 746 quum
500 688 602 746 per
632 668 1026 744 speculatores
1054 666 1453 744 comperisset,
1493 664 1729 740 vulgum
1757 662 2137 722 Atheniensi-

296 784 396 824 um
424 764 484 822 in
514 776 726 822 terram
770 766 1090 841 praedatum
1132 762 1345 836 exisse,
1389 780 1681 838 navesque
1715 758 1881 838 pren&
1929 760 2137 819 inanes

294 862 548 934 relictae,
578 872 808 936 tempus
834 860 918 918 rei
946 860 1216 936 gerendae
1246 878 1365 924 non
1403 856 1643 931 dimisit,
1687 876 1873 934 eoque
1917 856 2137 934 impetu

298 968 480 1016 totum
510 958 726 1014 bellurn
752 954 980 1012 delevit.
2179 954 2221 1012 5

378 1052 490 1110 IX.
574 1053 658 1110 At
686 1052 1048 1124 Alcibiades,
1090 1050 1256 1110 victis
1305 1048 1791 1122 Atheniensibus,
1841 1068 1959 1108 non
1999 1046 2141 1108 satis

302 1162 424 1208 tuta
450 1150 656 1206 eadem
684 1148 814 1206 loca
840 1148 952 1204 sibi
984 1148 1313 1220 arbitratae,
1341 1144 1575 1222 penitus
1605 1144 1665 1202 in
1711 1143 2035 1202 Thraciam
2077 1164 2139 1202 se

302 1266 474 1322 supra
500 1244 912 1320 Propontidem
962 1242 1204 1314 abdidit,
1244 1262 1481 1318 sperans
1525 1240 1607 1298 ibi
1653 1237 1925 1300 facillime
1977 1258 2143 1298 suam

304 1342 590 1400 fortunam
608 1340 800 1398 occuli
822 1360 1008 1416 posse.
1094 1336 1291 1396 Falso.
1377 1338 1535 1394 Nam
1553 1336 1821 1394 Thraces
1839 1329 2141 1413 Postquain

304 1456 436 1494 eum
466 1456 596 1494 cum
630 1436 844 1512 magna
868 1434 1122 1512 pecunia
1166 1434 1395 1492 venisse
1441 1444 1767 1506 senserunt,
1815 1432 2055 1490 insidias
2083 1430 2139 1490 ei
2185 1432 2259 1490 10

306 1534 606 1592 fecerunt:
650 1532 748 1608 qui
794 1552 884 1604 ea,
934 1550 1062 1608 quae
1120 1530 1459 1607 apportavit,
1511 1530 1905 1598 abstulerunt3
1951 1528 2139 1606 ipsum

306 1648 512 1706 capere
540 1650 658 1688 non
686 1640 1016 1706 potuerunt.
1102 1626 1210 1684 Ille
1240 1646 1489 1684 cernens
1519 1626 1743 1682 nullum
1793 1624 1985 1682 locum
2032 1622 2143 1680 sibi

304 1738 494 1786 tutum
524 1726 584 1784 in
620 1726 852 1782 Graeoia
894 1734 1124 1800 propter
1174 1722 1491 1800 potentiam
1541 1720 2139 1792 Lacedaemoniorum,

306 1822 379 1880 ad
406 1822 856 1880 Pharnabazum
888 1820 948 1876 in
978 1820 1184 1876 Asiam
1214 1818 1477 1876 transiit:
1521 1836 1691 1894 quem
1731 1816 1963 1892 quidem
1995 1812 2141 1872 adeo

304 1920 412 1980 sua
438 1920 594 1996 cepit
622 1916 1004 1990 humanitate,
1034 1926 1098 1974 ut
1124 1934 1260 1972 eum
1289 1932 1463 1972 nemo
1503 1914 1565 1970 in
1611 1910 1867 1970 amicitia
1913 1924 2143 1980 antece-
2187 1910 2263 1966 15

306 2016 484 2074 deret.
566 2014 836 2088 Namque
854 2012 908 2068 ei
926 2010 1218 2068 Grunium
1236 2010 1475 2066 dederat
1493 2008 1553 2066 in
1571 2006 1847 2084 Phrygia,
1867 2018 2143 2080 castrum,

304 2132 378 2171 ex
410 2132 522 2189 quo
566 2112 975 2189 quinquagena
1022 2108 1242 2167 talenta
1285 2104 1585 2183 vectigalis
1635 2102 1919 2181 capiebat.
2001 2102 2145 2165 Qua

308 2209 538 2269 fortuna
566 2207 908 2265 Alcibiades
938 2225 1054 2265 non
1090 2215 1214 2263 erat
1256 2213 1589 2275 contentae,
1639 2219 1827 2277 neque
1877 2199 2145 2257 Athenas

308 2307 492 2365 victas
536 2303 1002 2363 Lacedaemoniis
1048 2301 1260 2359 servire
1309 2309 1533 2377 poterat
1579 2297 1717 2375 pati.
1819 2295 2025 2371 Itaque
2071 2293 2143 2350 ad

306 2403 556 2479 patriam
584 2401 948 2459 liberandam
976 2397 1136 2456 omni
1168 2397 1457 2455 ferebatur
1503 2393 1855 2471 cogitatione
1873 2413 1889 2463 ;
1933 2391 2037 2449 sed
2067 2391 2145 2445 vi·
2183 2391 2263 2449 20

308 2501 504 2571 debat,
534 2497 594 2555 id
624 2497 750 2553 sine
778 2497 950 2571 Rege
980 2493 1289 2551 Persarum
1332 2511 1449 2549 non
1487 2509 1655 2567 posse
1705 2487 1851 2561 fieri,
1903 2487 2145 2561 ideoque

308 2615 444 2653 eum
474 2593 726 2651 amicum
770 2591 880 2647 sibi
930 2589 1204 2665 cupiebat
1246 2587 1505 2663 adjungi.
1591 2583 1799 2659 Neque
1845 2583 2147 2639 dubitabat

310 2689 482 2751 facile
514 2709 576 2747 se
606 2697 1076 2757 consecuturum,
1100 2683 1152 2741 si
1178 2681 1351 2741 modo
1383 2681 1509 2757 ejus
1539 2679 1927 2737 conveniendi
1967 2677 2149 2733 habu-

310 2787 448 2845 isset
474 2795 834 2863 potestatem.
920 2781 1076 2837 Nam
1106 2779 1327 2855 Cyrum
1359 2779 1591 2835 fratrem
1629 2775 1685 2833 ei
1731 2776 1947 2833 bellum
1993 2774 2143 2831 clam

308 2903 534 2961 parare,
590 2877 1052 2937 Lacedaemoniis
1120 2875 1547 2951 adjuvantibuS,
1621 2871 1859 2929 sciebat.
1971 2869 2040 2925 Id
2099 2869 2145 2925 si
2185 2869 2265 2925 25

312 2977 648 3055 aperuisset,
674 2993 945 3049 magnam
974 2993 1036 3029 se
1068 2973 1346 3029 initurum
1375 2969 1622 3045 gratiam
1653 2967 1901 3023 videbat.

390 3075 468 3133 X.
554 3073 702 3129 Haec
738 3089 915 3145 quum
956 3067 1270 3135 moliretur,
1297 3077 1631 3141 peteretque
1669 3081 1701 3117 a
1737 3057 2147 3131 Pharnabazo,

312 3183 376 3229 ut
414 3171 486 3227 ad
518 3169 748 3243 Regem
788 3165 1129 3235 mitteretur,
1174 3163 1381 3219 eodem
1431 3171 1687 3235 tempore
1719 3155 1933 3213 Critias
1977 3167 2147 3211 caete-

314 3267 474 3341 rique
504 3263 736 3341 tyranni
766 3261 1218 3319 Atheniensium
1268 3269 1459 3315 certos
1503 3255 1769 3313 homines
1815 3253 1887 3309 ad
1927 3251 2149 3327 Lysan-

316 3363 484 3421 drum
514 3361 574 3417 in
604 3359 808 3417 Asiam
846 3355 1146 3427 miserunt,
1182 3355 1282 3429 qui
1325 3373 1461 3411 eum
1511 3349 1817 3409 certiorem
1867 3349 2147 3421 facerent,
2191 3349 2269 3405 30

318 3457 430 3515 nisi
486 3455 856 3513 Alcibiadem
912 3451 1261 3521 sustulisset,
1319 3448 1465 3505 nihil
1523 3465 1723 3505 earum
1779 3465 1971 3503 rerum
2029 3445 2149 3501 fore

320 3563 526 3625 ratum,
554 3569 696 3625 quas
728 3549 848 3623 ipse
878 3545 1130 3605 Athenis
1160 3543 1573 3601 constituisset.
1657 3541 1885 3614 Quare,
1931 3539 1979 3599 si
2019 3559 2151 3597 suas

324 3667 412 3707 res
468 3657 660 3725 gestas
710 3663 944 3701 manere
1000 3641 1190 3714 vellet,
1250 3639 1411 3697 illum
1481 3649 1937 3717 persequeretur.
2041 3635 2151 3693 His
