2619 4349
936 409 1484 460 THRASYBULUS.
2177 397 2258 456 37

303 569 513 647 attigit,
545 570 659 628 nisi
690 589 869 644 arma,
900 590 1144 646 quorum
1193 570 1517 648 indigebat,
1549 581 1627 643 et,
1658 587 1783 646 quae
1816 567 1887 625 ad
1917 568 2135 625 victum

300 667 687 744 pertinebant.
771 666 845 725 In
895 667 1156 726 secundo
1209 667 1414 745 proelio
1469 666 1682 725 cecidit
1736 663 1972 736 CritiaS,
2022 662 2143 720 dux

302 775 700 837 tyrannorum,
732 782 908 838 quum
938 761 1173 838 quidem
1203 764 1557 821 exadversus
1576 760 2012 838 Thrasybulum
2032 759 2143 817 for-

304 857 525 915 tissime
554 871 860 934 pugnaret.

382 952 496 1011 ΙΙΙ.
582 954 716 1013 Hoc
766 954 1014 1030 dejectO,
1065 953 1387 1012 Pausanias
1436 952 1594 1011 venit
1642 951 1861 1017 Atticis
1905 951 2140 1026 auxili0,
2179 952 2222 1010 5

302 1067 405 1105 rex
445 1047 1042 1108 Lacedaemoniorum.
1127 1049 1189 1108 Is
1237 1049 1388 1108 inter
1433 1049 1869 1125 Thrasybulum
1913 1059 1973 1106 et
2018 1068 2142 1121 θος,

302 1143 401 1218 qui
431 1145 632 1202 urbem
662 1146 960 1218 tenebant,
991 1145 1130 1204 fecit
1155 1165 1383 1222 paoem,
1429 1145 1519 1202 his
1557 1143 2031 1203 conditionibus:
2074 1164 2143 1202 ue

304 1239 425 1314 qui,
444 1248 666 1316 praeter
709 1241 822 1315 tri
798 1241 967 1297 uinta
994 1248 1297 1317 tyrannos,
1328 1250 1381 1298 et
1409 1240 1611 1314 decem,
1635 1240 1756 1317 qui,
1778 1249 2146 1318 posteaprce·

304 1343 452 1391 tores
483 1337 666 1392 creati
671 1336 1029 1412 ,superioris
1059 1356 1208 1394 more
1237 1336 1601 1394 crudelitatis
1649 1344 1816 1394 erant
1863 1336 1976 1409 usi,
2023 1335 2144 1412 affi-

305 1439 565 1487 cerentur
618 1433 822 1495 exilio:
893 1452 1026 1490 neve
1077 1432 1226 1490 bona
1261 1432 1751 1510 publicarentur5
1811 1431 2139 1508 reipublicoe
2186 1431 2261 1489 10

296 1529 639 1602 procuratio
657 1528 876 1604 populo
924 1528 1272 1586 redderetur.
1358 1528 1710 1586 Praeolarum
1761 1529 1872 1586 hoc
1915 1547 2143 1604 quoque

305 1621 682 1699 Thrasybuli,
711 1622 888 1699 quod,
917 1624 1295 1683 reconciliata
1323 1643 1491 1701 pace,
1521 1643 1699 1699 quum
1728 1622 2042 1699 plurimum
2080 1623 2142 1682 in

305 1718 539 1777 civitate
568 1732 782 1795 posset,
811 1720 1001 1796 legem
1030 1721 1192 1779 tulit:
1236 1739 1303 1776 ue
1333 1720 1462 1796 quis
1493 1718 1629 1777 ante
1659 1728 1920 1776 actarum
1957 1737 2146 1777 rerum

305 1823 698 1888 accusaretur,
754 1836 886 1873 neve
940 1816 1282 1873 multaretur
1309 1837 1330 1880 ,-
1398 1834 1645 1891 eamque
1701 1814 1786 1873 illi
1841 1815 2144 1899 oblivionis

307 1910 686 1986 appellarunt.
774 1909 981 1987 Neque
1013 1909 1149 1969 vero
1180 1912 1333 1968 hanc
1362 1910 1591 1970 tantum
1632 1912 1931 1969 ferendam
1979 1930 2146 1969 cura·
2189 1911 2264 1968 15

306 2005 407 2078 vit,
437 2006 539 2063 sed
568 2006 766 2080 etiam,
796 2007 1139 2078 utwaleret,
1182 2007 1396 2065 effecit.
1480 2005 1638 2063 Nam
1682 2025 1859 2081 quum
1908 2006 2147 2081 quidam

307 2120 381 2158 ex
410 2100 521 2174 his,
550 2100 650 2178 qui
678 2101 850 2159 simul
880 2121 1014 2159 oum
1041 2122 1113 2161 eo
1142 2102 1201 2159 in
1231 2102 1407 2161 exilio
1435 2103 1685 2176 fuerant,
1710 2102 2144 2176 caedemfaoere

305 2217 508 2255 eorum
537 2199 773 2271 vellent,
803 2218 938 2257 cum
967 2199 1178 2275 quibus
1208 2199 1268 2257 in
1288 2200 1537 2276 gratiam
1561 2199 1813 2258 reditum
1837 2211 1980 2272 erat,
2003 2199 2147 2276 pub-

305 2291 421 2350 lice
452 2294 767 2370 prohibuit,
797 2306 857 2352 et
886 2294 964 2368 id,
995 2296 1147 2370 quod
1176 2295 1471 2371 pollicitus
1499 2307 1644 2367 erat,
1674 2294 1959 2371 praestitit.

386 2388 492 2447 IV.
576 2390 738 2448 Huic
765 2411 870 2467 pro
898 2390 1076 2449 tantis
1104 2390 1327 2448 meritis
1355 2391 1591 2449 honoris
1619 2409 1835 2449 corona
1872 2409 1906 2447 a
1932 2389 2145 2466 populo
2184 2391 2265 2449 20

306 2486 444 2544 data
496 2498 604 2559 est,
656 2488 811 2545 sacta
858 2486 1084 2543 duabus
1133 2485 1373 2563 virgulis
1414 2485 1719 2563 oleaginiS,
1765 2504 1938 2561 quam
1989 2483 2145 2559 quod

307 2598 466 2640 amor
494 2581 731 2655 civium,
755 2601 872 2639 non
903 2580 990 2638 vis
1018 2592 1403 2657 expresserat,
1432 2582 1652 2638 nullam
1692 2580 1897 2637 habuit
1941 2579 2149 2636 invidi-

308 2696 422 2750 am,
479 2678 806 2755 magnaque
863 2676 974 2735 fuit
1020 2676 1222 2753 gloria.
1329 2676 1491 2734 Bene
1539 2695 1679 2753 ergo
1722 2675 1984 2734 Pittacus
2029 2675 2147 2749 ille,

306 2773 406 2848 qui
449 2785 668 2850 septem
726 2772 1057 2849 sapientum
1121 2791 1367 2830 numero
1429 2784 1521 2831 est
1574 2771 1826 2844 habituS,
1875 2790 2053 2846 quum
2092 2769 2149 2827 ei

309 2866 631 2943 Mytilenaei
687 2868 867 2926 multa
913 2866 1096 2925 millia
1134 2867 1407 2945 jugerum
1452 2867 1577 2944 agri
1623 2886 1864 2925 munera
1914 2867 2142 2940 darent,
2183 2866 2265 2925 25

308 2962 525 3035 Nolite,
556 2982 654 3020 oro
682 2983 801 3036 υοε,
833 2962 1040 3039 inquit,
1069 2962 1137 3020 id
1160 2963 1300 3019 milti
1327 2963 1488 3035 dare,
1534 2961 1689 3038 quod
1726 2963 1891 3019 multi
1934 2962 2151 3020 invide-

308 3066 432 3131 ant,
464 3059 664 3135 plures
719 3059 892 3116 etiam
947 3058 1370 3135 concupiscant.
1477 3056 1681 3125 Quare
1728 3077 1792 3113 ex
1839 3057 1971 3114 istis
2020 3058 2148 3115 uolo

309 3153 578 3229 amplius,
634 3152 805 3230 quam
875 3162 1095 3212 centum
1136 3151 1385 3229 jugera,
1456 3172 1582 3228 qua·
1636 3160 1691 3210 et
1743 3171 1919 3224 meam
1967 3154 2149 3210 animi

309 3249 634 3325 aequitatem
661 3258 717 3307 et
743 3258 990 3309 vestram
1017 3250 1365 3307 voluntatem
1416 3248 1686 3306 indicent.
1770 3246 1928 3305 Nam
1970 3266 2148 3326 parva

308 3363 571 3419 munera,
601 3345 850 3419 diutina,
873 3343 1190 3422 locupletia
1225 3364 1345 3403 non
1394 3344 1625 3421 propria
1660 3363 1789 3401 esse
1830 3362 2146 3402 consueve·
2185 3346 2265 3404 30

307 3452 460 3501 runt.
543 3440 655 3499 Illa
684 3441 858 3519 igitur
887 3443 1104 3500 corona
1152 3452 1464 3500 contentus
1513 3439 1919 3516 Thrasybulus
1957 3455 2147 3515 neque

309 3534 557 3615 amplius
577 3537 896 3614 requisivit,
925 3556 1115 3614 neque
1135 3554 1466 3613 quenquam
1516 3536 1734 3594 honore
1778 3555 1843 3593 se
1887 3547 2150 3594 anteces-

307 3632 454 3692 sisse
490 3632 859 3693 existimavit.
945 3633 1065 3692 Hic
1105 3631 1373 3710 sequenti
1416 3644 1675 3709 tempore
1712 3650 1890 3707 quum
1935 3641 2145 3714 praetor

704 3730 745 3787 4
