2619 4349
971 414 1419 466 TIMOTHEUS.
2087 407 2104 424 ⁹
2156 405 2230 461 51

284 593 450 653 aequo
474 593 759 653 pauperes
788 576 1037 635 alienam
1064 576 1428 653 opulentium
1455 574 1759 633 intuuntur
1809 574 2114 631 fortunam.

285 670 492 748 Itaque
546 670 853 745 Chabrias,
906 672 1096 747 quoad
1145 671 1201 730 ei
1255 671 1491 743 licebat,
1547 666 1860 746 plurimum
1901 669 2114 725 aberat.

286 764 496 842 Neque
523 765 659 825 vero
688 767 844 825 solus
871 767 968 823 ille
998 767 1195 824 aberat
1218 766 1470 824 Athenis
1497 765 1766 837 libenter,
1797 764 1899 821 sed
1918 782 2119 822 omnes

289 860 407 920 fert}
434 862 729 939 principes
758 863 1023 921 fecerunt
1049 862 1203 919 idem
1230 881 1244 919 ε
1287 859 1443 937 quod
1473 857 1698 919 tantum
1728 880 1789 917 se
1810 860 1883 916 ab
1901 859 2120 916 invidia

285 958 569 1033 putabant
596 959 913 1030 abfuturoS,
942 955 1221 1033 quantum
1252 976 1285 1014 a
1311 968 1630 1033 conspectu
1658 974 1893 1012 suorum
1933 973 2122 1011 reces-
2159 955 2201 1010 5

287 1051 513 1111 sissent.
597 1052 802 1128 Itaque
826 1053 1033 1110 Conon
1060 1050 1374 1128 plurimum
1404 1051 1581 1127 Cypri
1613 1050 1774 1122 vixit,
1798 1050 2121 1125 Iphicrates

287 1145 349 1204 in
377 1146 658 1221 Thracia,
688 1147 1036 1206 Timotheus
1086 1147 1283 1219 Lesbi,
1331 1147 1555 1203 Chares
1600 1146 1660 1203 in
1711 1145 1905 1221 Sigeo.
1990 1145 2120 1201 Dis·

286 1241 490 1299 similis
517 1243 749 1318 quidem
779 1242 1004 1300 Chares
1031 1262 1231 1300 eorum
1268 1253 1329 1300 et
1371 1241 1538 1300 factis
1585 1252 1645 1300 et
1692 1240 1968 1313 moribuS,
2018 1240 2120 1297 sed

286 1346 482 1394 tamen
513 1337 765 1395 Athenis
787 1349 847 1397 et
875 1339 1190 1396 honoratus
1211 1348 1269 1394 et
1295 1349 1520 1413 potens.

367 1431 475 1489 IV.
561 1433 848 1491 Chabrias
871 1445 1064 1491 autem
1112 1432 1284 1510 periit
1333 1433 1485 1490 bello
1533 1431 1735 1490 sociali
1777 1432 1880 1489 tali
1928 1431 2116 1489 modo.
2165 1431 2240 1487 10

285 1524 723 1603 oppugnabant
750 1528 1147 1586 Athenienses
1176 1528 1410 1585 Chium.
1495 1527 1638 1586 Erat
1661 1527 1721 1584 in
1751 1528 1937 1584 classe
1965 1527 2119 1583 Cha-

287 1621 445 1680 brias
471 1623 746 1700 privatuS,
776 1624 879 1681 sed
906 1643 1132 1696 omneS,
1154 1623 1253 1699 qui
1283 1624 1344 1680 in
1372 1623 1712 1699 magistratu
1755 1634 1941 1695 erant,
1988 1641 2122 1678 auc-

288 1717 514 1777 toritate
544 1719 803 1777 anteibat
826 1739 841 1789 3
885 1739 1135 1794 eumque
1164 1719 1350 1794 magis
1372 1719 1604 1791 milites,
1628 1716 1802 1794 quam
1847 1717 1946 1793 qui
1981 1737 2123 1794 prae-

287 1824 472 1886 erant,
523 1813 899 1889 aspiciebant.
997 1815 1153 1876 Quae
1229 1834 1323 1871 res
1386 1814 1441 1871 ei
1496 1812 1803 1871 maturavit
1857 1825 2117 1871 mortem.

286 1906 463 1980 Nam,
487 1908 625 1965 dum
652 1908 873 1984 primus
895 1909 1089 1967 studet
1115 1920 1344 1984 portum
1396 1908 1630 1979 intrare,
1679 1919 1739 1966 et
1776 1909 2122 1983 gubernato-
2166 1910 2240 1965 15

285 2022 410 2061 rem
452 2002 618 2079 jubet
663 2002 735 2061 eo
780 2004 1030 2080 dirigere
1081 2023 1311 2076 navem,
1364 2003 1484 2078 ipse
1528 2002 1640 2059 sibi
1682 2003 1965 2079 perniciei
1995 2004 2117 2062 suit.

284 2097 490 2160 Quum
532 2099 689 2157 enim
734 2098 805 2156 eo
855 2099 1237 2176 penetrasset,
1267 2110 1493 2156 caeterae
1538 2118 1656 2156 non
1702 2110 1838 2157 sunt
1884 2111 2116 2157 secutae.

283 2194 428 2257 Quo
455 2196 606 2254 facto
648 2196 1037 2255 circumfusus
1081 2196 1334 2254 hostiurn
1379 2216 1668 2254 concursu
1716 2215 1893 2271 quum
1939 2194 2123 2254 fortis-

285 2289 432 2349 sime
487 2303 793 2368 pugnaret,
850 2291 1033 2364 navis,
1090 2303 1274 2350 rostro
1327 2310 1625 2367 percussa,
1680 2291 1857 2366 coepit
1910 2291 2118 2347 sidere.

286 2384 450 2443 Hinc
477 2387 742 2462 refugere
781 2406 958 2461 quum
1005 2398 1220 2462 posset,
1273 2386 1323 2443 si
1365 2406 1427 2443 se
1480 2386 1539 2443 in
1588 2405 1745 2443 mare
1790 2385 2118 2461 dejecisset,
2159 2385 2239 2442 20

284 2478 437 2556 quod
470 2482 704 2539 suberat
747 2482 952 2540 classis
986 2482 1463 2554 Atheniensium,
1512 2500 1638 2556 quae
1688 2481 1984 2555 exciperet
2022 2499 2122 2537 na-

283 2585 507 2633 tantes:
547 2576 735 2652 perire
764 2577 987 2649 maluit,
1010 2575 1186 2652 quam
1216 2576 1390 2633 armis
1421 2576 1664 2650 abjectis
1714 2594 1923 2632 navem
1952 2575 2123 2632 relin-

283 2688 479 2744 quere,
511 2670 570 2727 in
598 2671 712 2745 qua
742 2673 928 2729 suerat
954 2683 1171 2729 vectus,
1255 2670 1328 2727 Id
1351 2670 1546 2728 caeteri
1577 2671 1768 2728 facere
1791 2671 2121 2742 noluerunt,

284 2763 384 2839 qui
406 2765 600 2823 nando
650 2764 710 2821 in
738 2776 926 2823 tutum
955 2778 1362 2842 pervenerunt.
1449 2763 1530 2823 'At
1561 2765 1655 2823 ille
1684 2778 1956 2842 praestare
1981 2768 2122 2824 hon-

284 2871 468 2920 estam
496 2870 739 2917 mortem
768 2860 1108 2918 existimans
1138 2861 1291 2937 turpi
1338 2861 1488 2931 vitae,
1534 2860 1801 2919 cominus
1847 2880 2119 2938 pugnans
2158 2861 2239 2918 25

285 2953 418 3013 telis
447 2954 699 3012 hostium
728 2954 1068 3013 interfectus
1090 2967 1194 3013 est.

747 3352 928 3411 XIII.
1014 3351 1719 3410 TIMOTHEUS.

368 3523 417 3582 I.
515 3525 861 3599 Timotheus,
911 3525 1159 3584 Cononis
1184 3525 1379 3602 filius,
1424 3524 1811 3584 Atheniensis.
1911 3524 2031 3583 Hic
2085 3544 2121 3585 a

287 3629 450 3695 patre
495 3634 794 3698 acceptam
839 3621 1082 3698 gloriam
1126 3620 1324 3678 multis
1368 3619 1528 3679 auxit
1574 3620 1896 3679 virtutibus.
1979 3621 2119 3679 Fuit
