2619 4349
363 437 445 495 52
1178 447 1624 498 TIMOTHEUS.

479 607 636 664 enim
667 607 935 680 disertuS,
967 606 1232 683 impiger,
1260 608 1601 681 laboriosuS,
1640 607 1725 666 rei
1767 607 2033 667 militaris
2070 609 2313 686 peritus,

479 720 667 777 neque
737 699 932 760 minus
995 702 1244 761 civitatis
1298 704 1586 780 regendae.
1700 703 1889 762 Multa
1945 704 2120 781 hujus
2174 714 2313 764 sunt

475 795 753 870 praeclare
779 799 952 871 facta,
983 798 1084 855 sed
1125 799 1251 855 haec
1279 796 1532 855 maxime
1564 798 1825 856 illustria.
1908 799 2221 876 Olynthios
2249 810 2310 860 et

479 891 797 968 Byzantios
824 894 976 952 bello
1005 893 1252 970 subegit.
1340 895 1581 951 Samum
1611 894 1785 970 cepit,
1837 894 1897 952 in
1939 895 2053 970 qua
2094 915 2314 972 oppug-

397 988 439 1043 5
477 989 675 1045 nanda
729 990 1021 1065 superiore
1076 990 1227 1047 bello
1282 989 1678 1047 Athenienses
1732 990 1889 1047 mille
1944 1002 2003 1048 et
2056 991 2314 1049 ducenta

456 1083 696 1141 *talenta
738 1096 1234 1160 consumpserant.
1320 1085 1392 1142 Id
1443 1085 1537 1142 ille
1588 1085 1713 1142 sine
1763 1085 1882 1142 ulla
1922 1086 2159 1162 publica
2208 1086 2313 1143 im-

448 1178 657 1252 'pensa
684 1180 895 1255 populo
947 1180 1215 1239 restituit.
1300 1179 1630 1237 Adversum
1686 1181 1878 1256 Cotyn
1918 1181 2070 1238 bella
2109 1181 2309 1256 gessit,

477 1273 550 1329 ab
599 1293 779 1349 eoque
824 1275 981 1331 mille
1031 1287 1089 1333 et
1131 1268 1387 1333 ducenta
1432 1276 1652 1333 talenta
1676 1276 1885 1351 praedae
1916 1276 1975 1332 in
2004 1275 2308 1351 publicum

476 1369 689 1426 retulit.
802 1370 1092 1444 Cyzicum
1149 1370 1453 1428 obsidione
1523 1369 1803 1428 liberavit.
1915 1368 2308 1428 Ariobarzani

368 1462 436 1520 10
475 1461 645 1520 simul
675 1483 809 1520 cum
839 1464 1117 1540 Agesilao
1163 1463 1377 1522 auxilio
1419 1465 1714 1540 profectus
1750 1476 1872 1522 esti
1917 1483 1951 1521 a
1978 1483 2091 1539 quo
2129 1482 2308 1539 quum

477 1556 636 1614 Laco
678 1558 989 1633 pecuniam
1038 1570 1399 1616 numeratam
1445 1558 1786 1635 accepisset,
1832 1560 1928 1616 ille
1973 1559 2130 1617 cives
2172 1579 2307 1618 suos

477 1671 614 1728 agro
669 1664 837 1728 atque
887 1653 1128 1712 urbibus
1185 1653 1386 1730 augeri
1434 1654 1658 1726 maluit,
1714 1653 1887 1729 quam
1938 1654 1994 1711 id
2052 1673 2303 1727 sumere,

473 1749 641 1823 cujus
667 1760 888 1824 partem
919 1749 1153 1806 domurn
1183 1769 1348 1806 suam
1378 1751 1525 1806 serre
1546 1760 1757 1825 posset.
1842 1748 2047 1825 Itaque
2077 1749 2306 1825 accepit

473 1841 774 1913 Crithoten
807 1855 865 1902 et
895 1844 1143 1902 Sestum.

362 1939 431 1995 15
551 1938 633 1996 ΙΙ.
718 1938 883 1997 Idem
937 1938 1110 1997 classi
1162 1941 1474 2016 praefectus
1529 1939 1971 1997 circumvehens
2019 1940 2301 2016 Pelopon-

470 2054 696 2108 nesum,
746 2035 1083 2093 Laconicen
1137 2036 1465 2112 populatuS,
1518 2035 1762 2093 classem
1811 2054 2011 2093 eorum
2062 2036 2301 2112 fugavit.

471 2128 786 2207 Corcyram
814 2131 924 2188 sub
954 2126 1258 2208 imperium
1307 2130 1757 2190 Atheniensium
1786 2130 2011 2208 redegit
2036 2151 2049 2190 :
2091 2132 2305 2192 socios-

470 2245 580 2301 que
611 2225 764 2283 idem
795 2226 1059 2303 adjunxit
1085 2227 1375 2303 EpirotaS,
1406 2228 1791 2299 AthamanaS,
1838 2226 2132 2300 Chaonas,
2180 2247 2303 2287 om·

469 2317 688 2397 nesque
717 2341 816 2379 eas
844 2333 1069 2399 genteS,
1098 2342 1225 2398 quae
1249 2341 1409 2379 mare
1439 2322 1580 2379 illud
1605 2322 1892 2398 adjacent.
1974 2322 2117 2384 Quo
2144 2324 2300 2382 facto

349 2418 431 2476 20
470 2416 902 2475 Lacedaemonii
941 2418 1014 2474 de
1043 2416 1271 2475 diutina
1293 2416 1668 2475 contentione
1711 2416 2076 2490 destiterunt,
2106 2429 2165 2476 et
2192 2417 2301 2475 sufi.

472 2524 674 2589 sponte
705 2512 1167 2570 Atheniensibus
1190 2512 1418 2589 imperii
1446 2511 1721 2570 maritimi
1748 2512 2139 2589 principatum
2161 2531 2299 2571 con-

469 2620 807 2679 cesserunt3
873 2627 1193 2684 pacemque
1264 2608 1357 2666 his
1425 2607 1653 2684 legibus
1723 2607 2168 2679 constituerunt,
2233 2618 2299 2665 ut

470 2703 865 2760 Athenienses
913 2702 1059 2760 mari
1104 2695 1284 2761 duces
1334 2714 1546 2761 essent.
1630 2702 1787 2764 Quae
1836 2703 2078 2761 victoria
2120 2714 2297 2761 tantae

469 2797 577 2856 fuit
606 2796 819 2855 Atticis
860 2796 1094 2869 laetitiae,
1145 2809 1209 2855 ut
1256 2809 1380 2856 turn
1422 2795 1673 2873 primum
1725 2815 1836 2853 arae
1879 2812 2019 2853 chr
2060 2794 2296 2872 publice

349 2897 429 2953 25
470 2893 586 2953 sint
631 2894 818 2965 factae,
865 2892 1032 2967 eique
1080 2892 1204 2949 deae
1246 2892 1511 2969 pulvinar
1560 2892 1633 2949 sit
1682 2891 2025 2949 institutum.
2110 2892 2299 2966 Cujus

467 2990 657 3049 laudis
685 3000 749 3047 ut
777 2987 1052 3046 memoria
1089 3000 1370 3061 maneret,
1416 2988 1730 3045 Timotheo
1766 2982 2000 3061 publice
2047 2996 2296 3043 statuam

470 3084 526 3143 in
558 3087 679 3144 foro
705 3095 1038 3161 posuerunt.
1119 3083 1247 3144 Qui
1276 3085 1459 3141 honos
1488 3081 1625 3137 huic
1649 3080 1751 3136 uni
1776 3091 1909 3137 ante
1932 3080 2043 3136 hoc
2066 3091 2297 3154 tempus

467 3179 730 3255 contigit,
761 3191 844 3251 ut,
873 3197 1048 3252 quum
1077 3176 1226 3252 patri
1252 3176 1498 3251 populus
1540 3185 1788 3232 statuam
1830 3173 2134 3250 posuisset,
2175 3173 2296 3233 filio

466 3292 691 3348 quoque
741 3273 921 3330 daret.
1007 3271 1108 3327 Sic
1146 3268 1313 3345 juxta
1358 3269 1547 3345 posita
1600 3288 1807 3327 recens
1862 3267 1986 3341 filii,
2035 3281 2290 3328 veterem

346 3370 426 3427 30
465 3366 645 3443 patris
667 3366 963 3424 renovavit
984 3364 1340 3422 memoriam.

545 3460 662 3519 III.
746 3460 866 3518 Hic
920 3480 1096 3536 quum
1153 3472 1305 3518 esset
1358 3478 1571 3535 magno
1625 3471 1787 3532 natu,
1816 3470 1876 3518 et
1917 3459 2292 3537 magistratus

464 3576 666 3635 gerere
695 3555 960 3629 desisset,
989 3556 1141 3615 bello
1186 3555 1580 3615 Athenienses
1622 3554 1879 3631 undique
1927 3555 2112 3631 premi
2156 3566 2292 3613 sunt

465 3652 658 3730 coepti.
768 3651 1081 3710 Defecerat
1156 3653 1365 3710 Samus
1398 3672 1412 3724 ;
1483 3651 1769 3710 descierat
1828 3650 2287 3729 Hellespon.us;
