2619 4349
1090 449 1403 502 DATAME
1415 455 1460 502 3.
2256 461 2342 519 55

364 615 539 670 quam
594 597 863 660 incolunt
919 603 1257 682 Leucosyri.
1359 610 1642 672 Datames
1695 616 1948 677 militare
2001 639 2215 680 munus

365 691 636 767 fungens,
692 695 969 771 primum,
1017 701 1206 774 qualis
1254 716 1431 777 esset,
1488 710 1715 782 apernit
1752 710 1814 768 in
1858 713 2031 785 bello,
2059 716 2212 790 quod

362 784 499 843 Rex
556 788 837 848 adversus
893 792 1185 853 Cadusios
1238 798 1438 872 gessit.
1542 801 1817 878 Namque
1873 804 1974 863 hic
2015 809 2211 867 multis

360 879 620 939 millibus
674 883 1006 959 Regiorum
1060 887 1407 964 interfectis,
1440 896 1639 970 magni
1694 898 1805 957 fuit
1856 900 1986 975 ejus
2017 921 2208 977 opera.

356 973 498 1034 Quo
546 978 767 1035 factum
811 991 920 1053 est,
970 993 1055 1054 ut,
1099 1002 1281 1058 quum
1329 986 1391 1044 in
1431 1007 1503 1046 eo
1547 990 1698 1048 bello
1736 993 2051 1053 cecidisset
2098 997 2211 1055 Ca·
2248 999 2293 1057 5

356 1068 650 1144 missares,
680 1084 926 1147 paterna
953 1075 1010 1132 ei
1038 1078 1365 1137 traderetur
1391 1082 1708 1157 provincia.

433 1161 517 1220 ΙΙ.
603 1165 742 1223 Pari
771 1187 836 1224 se
866 1169 1079 1228 virtute
1101 1183 1306 1246 postea
1345 1175 1614 1250 praebuit,
1663 1196 1844 1252 quum
1885 1180 2213 1257 Autophra-

354 1256 518 1314 dates
543 1259 711 1334 jussu
740 1262 932 1338 Regis
962 1265 1114 1323 bello
1132 1280 1576 1341 persequeretur
1593 1289 1714 1343 eos,
1731 1272 1833 1347 qui
1855 1273 2216 1335 defecerant..

351 1350 625 1428 Namque
654 1355 782 1430 ejus
808 1360 988 1432 opera
1017 1360 1233 1432 hosteS,
1265 1381 1445 1436 quum
1474 1375 1667 1422 castra
1707 1366 1830 1441 jam
1874 1367 2206 1443 intrassent,

348 1446 643 1523 profligati
673 1462 831 1522 sunt,
861 1453 1272 1529 exercitusque
1301 1456 1561 1531 reliquus
1599 1473 1977 1520 conservatus
2016 1463 2205 1540 Regis
2250 1465 2332 1523 10

349 1552 470 1598 est:
514 1542 631 1617 quii
654 1563 727 1600 ex
757 1564 819 1601 re
849 1546 1168 1621 majoribus
1197 1550 1375 1607 rebus
1402 1569 1652 1626 praeesse
1681 1554 1877 1629 coepit.
1963 1556 2107 1616 Erat
2132 1577 2204 1617 eo

347 1640 610 1710 tempore
642 1638 854 1712 Thyus
898 1641 1176 1715 dynastes
1225 1643 1646 1720 Paphlagoniae
1699 1648 1940 1724 antiquo
1985 1670 2202 1726 genere

347 1740 520 1786 natus
552 1749 585 1787 a
613 1732 948 1806 Pylaemene
979 1735 1098 1807 illo,
1129 1756 1306 1811 quem
1355 1738 1651 1797 Homerus
1700 1740 1924 1800 Troi‘co
1972 1744 2123 1803 bello
2167 1764 2204 1803 a

345 1821 618 1882 Patroclo
674 1827 1051 1918 interfectum
1108 1830 1206 1888 ait.
1292 1831 1357 1889 Is
1404 1832 1566 1909 Regi
1611 1834 1770 1892 dicto
1809 1836 2054 1894 audiens
2081 1858 2198 1897 non

343 1929 508 1975 erat:
552 1940 729 1994 quam
774 1924 850 1980 ob
895 1943 1139 1981 causam
1185 1926 1341 1983 bello
1387 1945 1524 1983 eum
1567 1928 1838 2002 persequi
1877 1931 2197 2004 constituit,
2245 1933 2327 1989 15

342 2011 514 2087 eique
565 2014 650 2072 rei
694 2018 959 2091 praefecit
1004 2018 1340 2090 Datamem,
1370 2019 1761 2094 propinquum
1805 2022 2197 2096 Paphlagonis

343 2105 628 2185 (namque
682 2130 757 2168 ex
813 2112 989 2169 fratre
1044 2123 1105 2170 et
1143 2130 1339 2169 sorore
1383 2124 1552 2171 erant
1595 2113 1766 2192 nati).
1875 2114 2076 2176 Quam
2123 2116 2199 2173 ob

338 2221 582 2260 causam
614 2205 896 2264 Datames
924 2206 1126 2265 omnia
1154 2204 1410 2282 primum
1440 2207 1691 2283 experiri
1720 2208 1918 2279 voluit,
1965 2220 2029 2266 ut
2072 2210 2198 2268 sine

337 2298 517 2355 armis
570 2300 961 2376 propinquum
1017 2302 1092 2358 ad
1146 2300 1408 2358 officium
1463 2301 1788 2359 reduceret.
1836 2301 1973 2357 .Ad
2027 2322 2199 2375 quem

335 2412 517 2467 quum
546 2394 802 2453 venisset
830 2394 959 2452 sine
986 2393 1282 2471 praesidio,
1312 2392 1472 2469 quod
1504 2394 1577 2449 ab
1606 2394 1796 2450 amico
1825 2393 2019 2449 nullas
2041 2413 2198 2451 vere-
2236 2394 2324 2451 20

332 2498 493 2545 retur
545 2487 808 2554 insidiam,
875 2488 1029 2564 pene
1077 2486 1318 2545 interiit.
1403 2486 1561 2543 Nam
1615 2487 1825 2559 Thyus
1864 2505 2000 2542 eum
2044 2488 2239 2544 clam·

333 2580 667 2638 interficere
692 2582 888 2639 voluit.
974 2581 1120 2638 Erat
1138 2591 1325 2637 mater
1348 2598 1485 2635 cum
1507 2579 1778 2648 Datame,
1800 2578 1979 2634 amita
1999 2577 2186 2651 Paph-

330 2675 580 2750 lagonis.
665 2675 775 2746 Ea,
825 2674 964 2749 quid
1004 2684 1297 2749 ageretur,
1334 2671 1555 2741 resciit,
1601 2669 1900 2743 filiumque
1951 2670 2192 2726 monuit.

331 2766 441 2824 Ille
474 2768 614 2844 fuga
662 2769 992 2843 periculum
1036 2766 1295 2838 evitavit,
1353 2765 1694 2837 bellumque,
1740 2761 1951 2819 indixit
1998 2761 2188 2836 Thyo.

330 2862 402 2918 In
433 2882 568 2937 quo,
592 2882 773 2937 quum
804 2863 878 2919 ab
908 2862 1338 2930 Ariobarzane,
1369 2858 1647 2933 praefecto
1695 2855 1896 2929 Lydiae
1928 2865 1988 2910 et
2007 2852 2189 2910 Ioniae
2231 2853 2316 2911 25

326 2957 620 3032 totiusque
677 2957 969 3032 Phrygiae,
1027 2957 1294 3011 desertus
1338 2962 1514 3021 esset,
1562 2949 1748 3005 nihilo
1792 2943 2037 3047 segnius
2065 2964 2192 3048 per-

326 3050 634 3122 severavit,
665 3050 975 3124 vivumque
1000 3046 1242 3121 Thyum
1271 3044 1430 3118 cepit
1457 3061 1594 3098 cum
1626 3058 1805 3096 uxore
1834 3050 1893 3094 et
1928 3038 2143 3139 liberis.

406 3143 524 3200 III.
613 3143 802 3217 Cujus
832 3142 972 3200 facti
1001 3160 1077 3197 ne
1106 3136 1270 3214 prius
1293 3137 1449 3193 fama
1462 3134 1535 3191 ad
1561 3133 1817 3206 Regem,
1842 3127 2019 3233 quam
2044 3147 2185 3239 lpse,

322 3238 676 3314 perveniret,
709 3237 871 3294 dedit
897 3252 1154 3312 operam.
1240 3231 1448 3304 Itaque
1491 3226 1769 3285 omnibus
1812 3223 2040 3293 insons,
2089 3240 2184 3293 eo,

321 3332 424 3389 ubi
464 3344 591 3390 erat
640 3331 800 3403 Rex,
820 3330 980 3387 venit
993 3349 1009 3399 3
1049 3338 1396 3403 posteroque
1441 3321 1537 3378 die
1583 3317 1847 3391 Thyum,
1891 3315 2187 3417 hominem
2226 3312 2309 3370 30

319 3427 563 3484 maximi
593 3425 875 3502 corporiS,
899 3420 1260 3493 terribilique
1285 3416 1456 3486 facie,
1482 3407 1641 3487 quod
1660 3422 1720 3468 et
1743 3410 1911 3484 niger
1928 3420 1987 3465 et
2005 3407 2187 3508 capil-

317 3520 378 3580 io
427 3521 607 3596 longo
663 3519 960 3592 barbaque
1014 3524 1142 3572 erat
1195 3506 1499 3586 ρῐόῐηίεεᾶ,
1550 3503 1772 3578 optima
1822 3512 1979 3558 veste
2020 3508 2184 3602 fexst,

315 3633 494 3690 quam
538 3626 784 3689 satrapae
836 3608 1019 3685 Regii
1063 3621 1270 3682 gerere
1320 3607 1791 3665 consueverant5
1835 3602 2180 3662 ornantque
