2619 4349
391 430 502 497 108
1313 432 1520 494 cmo.

505 606 706 664 habuit
760 607 1063 681 collegam,
1119 616 1182 661 ut
1233 603 1316 660 M.
1368 604 1661 679 Perperna
1714 599 2030 659 Censorius
2088 608 2324 656 narrare

502 702 703 760 solitus
744 712 853 772 est,
903 700 1155 757 Romam
1185 698 1546 774 demigravit,
1598 698 1659 755 in
1710 697 1940 770 foroque
1968 714 2096 751 esse
2126 693 2320 769 coepit.

502 796 760 853 Primum
789 794 1140 870 stipendium
1168 793 1380 850 meruit
1410 811 1690 850 annorum
1720 792 1923 848 decem
1969 801 2324 866 septemque,

500 891 581 952 Q.
613 889 799 947 Fabio
827 888 1105 959 Maxim0,
1137 887 1220 944 M.
1251 886 1501 944 Claudio
1541 885 1821 943 Marcello
1864 885 2027 943 CosS.
2113 884 2328 940 Tribu-

421 987 462 1043 5
503 1004 614 1042 nus
641 984 888 1041 militum
916 983 974 1039 in
1008 982 1212 1040 Sicilia
1241 980 1366 1039 fuit.
1451 980 1599 1037 Inde
1628 991 1692 1039 ut
1718 980 1909 1052 rediit,
1938 990 2126 1037 castra
2163 997 2329 1036 secu-

503 1090 596 1137 tus
617 1090 704 1136 est
732 1077 801 1134 C.
834 1076 1068 1135 Claudii
1095 1075 1387 1146 Neronis3
1430 1074 1740 1150 magnique
1769 1074 1896 1150 ejus
1921 1092 2096 1149 opera
2135 1072 2330 1131 existi-

503 1184 658 1231 mata
685 1183 772 1230 est
800 1172 860 1229 in
888 1171 1091 1248 proelio
1120 1172 1272 1247 apud
1303 1171 1540 1242 Senam,
1570 1189 1683 1244 quo
1712 1169 1927 1227 cecidit
1971 1168 2328 1242 Hasdrubal,

504 1268 676 1325 frater
701 1265 1067 1324 Hannibalis
1148 1265 1424 1326 Quaestor
1463 1263 1669 1339 obtigit
1712 1263 1776 1320 P.
1828 1262 2099 1320 Cornelio
2145 1262 2330 1337 Scipi-

502 1362 603 1419 oni
631 1361 932 1432 Africano,
962 1359 1225 1429 consuli3
1270 1379 1404 1416 cum
1432 1378 1545 1434 quo
1567 1377 1682 1415 non
1725 1377 1827 1434 pro
1870 1357 2037 1415 sortis
2078 1356 2330 1414 necessi-

392 1457 466 1513 10
506 1455 707 1514 tudine
750 1454 905 1511 vixit.
989 1452 1260 1527 Namque
1308 1454 1382 1510 ab
1424 1473 1495 1510 eo
1540 1453 1823 1528 perpetua
1872 1451 2144 1509 dissensit
2192 1451 2327 1508 vita.

512 1548 727 1605 AEdilis
768 1546 955 1622 plebis
1005 1548 1191 1604 factus
1232 1558 1321 1605 est
1364 1566 1498 1604 cum
1527 1547 1596 1604 C.
1644 1546 1870 1604 Helvi0.
1952 1545 2170 1603 Praetor
2206 1564 2332 1620 pro-

508 1643 756 1699 vinciam
785 1641 1033 1700 obtinuit
1060 1641 1409 1715 Sardiniam,
1438 1662 1511 1700 ex
1551 1643 1664 1716 qua
1711 1642 1986 1703 Quaestor
2033 1641 2326 1716 superiore

506 1750 763 1813 tempore
786 1756 857 1793 ex
887 1736 1090 1793 Africa
1120 1736 1412 1794 decedens
1436 1735 1518 1798 Q.
1550 1735 1807 1793 Ennium
1850 1740 2082 1811 poetam
2111 1735 2328 1791 dedux-

505 1843 670 1889 erat:
729 1832 880 1906 quod
930 1850 1045 1888 non
1095 1830 1334 1889 minoris
1378 1830 1748 1904 aestimamus,
1799 1829 1973 1905 quam
2018 1830 2334 1905 quemlibet

395 1928 468 1984 15
509 1926 922 2002 amplissimum
954 1925 1386 1983 Sardiniensem
1416 1925 1786 2002 triumphum.

589 2021 671 2078 II.
755 2021 1135 2080 Consulatum
1159 2020 1339 2096 gessit
1365 2039 1501 2078 cum
1524 2020 1592 2078 L.
1622 2020 1859 2078 Valerio
1882 2020 2099 2079 Flacco
2122 2040 2138 2091 ;
2180 2032 2333 2079 sorte

506 2115 863 2193 provinciam
893 2127 1099 2173 nactus
1128 2114 1476 2191 Hispaniam
1504 2114 1853 2189 citeriorem,
1898 2134 2083 2191 exque
2125 2117 2198 2173 ea
2238 2115 2338 2174 tri-

508 2212 789 2286 umphum
836 2210 1171 2285 deportavit.
1256 2210 1351 2267 Ibi
1393 2229 1571 2285 quum
1615 2211 1834 2269 diutius
1881 2223 2218 2284 moraretur,
2267 2212 2333 2269 P.

512 2304 712 2380 Scipio
739 2305 1055 2362 Africanus
1083 2306 1303 2363 Consul
1334 2305 1563 2379 iterum,
1593 2306 1760 2382 cujus
1789 2306 1851 2363 in
1895 2306 2085 2382 priore
2129 2325 2336 2364 consu-

389 2401 471 2458 20
511 2399 633 2458 latu
660 2411 907 2474 quaestor
935 2401 1140 2473 fuerat,
1171 2399 1349 2458 voluit
1376 2418 1510 2457 eum
1558 2401 1632 2458 de
1677 2400 1976 2477 provincia
2027 2401 2337 2477 depellere,

510 2506 569 2553 et
616 2494 740 2570 ipse
788 2494 844 2551 ei
887 2495 1218 2553 succedere.
1302 2494 1511 2570 Neque
1553 2496 1665 2553 hoc
1690 2515 1794 2573 per
1820 2507 2085 2555 senatum
2108 2497 2338 2555 efficere

510 2590 715 2666 potuit,
764 2610 941 2665 quum
995 2589 1229 2665 quidem
1286 2590 1486 2667 Scipio
1541 2590 1601 2647 in
1656 2591 1890 2650 civitate
1948 2583 2339 2668 principatum

512 2685 828 2753 obtinerem
871 2681 1025 2759 quod
1055 2696 1176 2742 tum
1206 2704 1322 2743 non
1349 2684 1630 2761 potentia,
1660 2686 1763 2743 sed
1806 2685 1959 2761 jure,
2010 2686 2341 2762 respublica

514 2778 1038 2835 administrabatur.
1120 2778 1262 2839 Qua
1290 2798 1363 2835 ex
1391 2798 1451 2836 re
1483 2778 1681 2853 iratus,
1732 2781 2037 2839 consulatu
2081 2792 2338 2863 peracto,

394 2874 475 2931 25
514 2872 769 2949 privatus
798 2871 858 2928 in
888 2871 1028 2929 urbe
1057 2872 1285 2930 mansit.
1371 2873 1454 2931 At
1481 2874 1650 2946 Cato,
1695 2893 1905 2936 censor
1948 2894 2084 2931 cum
2132 2875 2338 2933 eodem

513 2966 731 3025 Flacco
755 2967 961 3039 factus,
991 2964 1189 3024 severe
1217 2967 1446 3043 praefuit
1492 2967 1548 3025 ei
1596 2968 1883 3043 potestati.
1966 2968 2123 3026 Nam
2167 2982 2226 3028 et
2279 2970 2339 3027 in

514 3065 839 3141 complures
861 3064 1085 3123 nobiles
1114 3064 1537 3138 animadvertit,
1567 3077 1626 3123 et
1652 3066 1862 3124 multas
1911 3085 2004 3124 res
2051 3087 2229 3125 novas
2280 3068 2340 3126 in

512 3159 768 3218 edictum
800 3159 1042 3231 addidit,
1083 3178 1260 3234 quare
1303 3159 1531 3217 luxuria
1578 3160 2002 3236 reprimeretur,
2045 3181 2174 3237 quae
2218 3162 2339 3238 jam

515 3265 637 3310 tum
695 3252 1012 3328 incipiebat
1063 3254 1365 3329 pullulare.
1475 3254 1724 3313 Circiter
1790 3274 1974 3314 annos
2025 3257 2342 3333 octoginta,

398 3347 477 3405 30
516 3366 697 3421 usque
729 3348 800 3404 ad
830 3358 1146 3405 extremam
1176 3358 1403 3406 aetatem
1433 3348 1506 3404 ab
1551 3349 1964 3423 adolescentia,
2008 3350 2345 3427 reipublicae

517 3442 695 3499 causa
749 3441 1042 3517 suscipere
1092 3441 1427 3500 inimicitias
1499 3462 1616 3501 non
1686 3443 1924 3503 destitit.
2036 3445 2093 3502 A
2147 3446 2345 3505 multis

518 3547 792 3608 tentatuS‚
821 3555 935 3593 non
981 3533 1152 3593 modo
1182 3536 1405 3593 nullum
1454 3537 1862 3596 detrimentum
1904 3540 2346 3601 existimationis

520 3631 678 3704 fecit,
709 3631 830 3702 sed,
860 3630 1044 3705 quoad
1074 3630 1235 3706 vixit,
1265 3630 1538 3690 virtutum
1567 3630 1738 3690 laude
1766 3633 1963 3693 crevit.

467 3053 483 3094 0
