2619 4349
813 412 874 461 Τ.
910 413 1325 463 POMPONIUS
1361 414 1689 464 ATTICUS.
2167 411 2283 469 115

415 568 524 625 IX.
630 570 911 628 Secutum
964 586 1053 631 est
1107 574 1322 631 bellum
1376 585 1604 649 gestum
1655 575 1805 651 apud
1851 574 2160 635 Mutinam.

334 662 407 720 In
435 684 548 738 quo
574 664 878 723 sitantum
920 687 1054 724 eum
1101 669 1448 743 prudentem
1497 670 1711 743 dicam,
1754 669 1949 727 minus
1990 669 2164 747 quam

332 758 595 831 debeam,
638 762 970 835 praedicem‚
999 782 1176 837 quum
1206 764 1302 820 ille
1347 762 1541 839 potius
1585 765 1815 823 divinus
1863 765 2068 836 fuerit3
2112 767 2159 824 si

332 854 607 914 divinatio
637 857 979 932 appellanda
1006 870 1095 916 est
1121 871 1400 935 perpetua
1427 861 1706 918 naturalis
1745 860 1989 933 bonitas,
2033 881 2161 938 quoe

331 950 504 1006 nullis
558 952 789 1009 casibus
842 973 1032 1029 neque
1082 954 1291 1030 agitur,
1335 975 1525 1032 neque
1579 956 1874 1016 minuitur.
1959 957 2161 1016 Hostis
2198 960 2241 1016 5

333 1045 623 1103 Antonius
672 1048 970 1123 judicatus
1024 1048 1197 1107 Italia
1267 1062 1563 1120 cesserat3
1634 1071 1765 1126 spes
1817 1052 2161 1110 restituendi

330 1142 488 1197 nulla
540 1154 679 1199 erat.
764 1142 903 1201 Non
956 1142 1144 1202 solum
1199 1144 1328 1220 ejus
1382 1144 1624 1216 inimici,
1678 1145 1777 1219 qui
1830 1156 1952 1203 tum
1995 1157 2161 1204 erant

328 1237 708 1310 potentissimi
737 1249 795 1295 et
838 1238 1092 1313 plurimi,
1140 1240 1243 1296 sed
1286 1239 1460 1297 etiam
1504 1238 1603 1315 qui
1651 1240 1990 1298 adversariis
2033 1241 2160 1316 ejus

329 1350 390 1386 se
420 1332 655 1404 dabant,
698 1345 757 1391 et
798 1334 857 1390 in
907 1354 979 1391 eo
1023 1335 1290 1392 laedendo
1341 1354 1402 1391 se
1446 1334 1694 1408 aliquam
1743 1347 2158 1393 consecuturos

328 1428 638 1501 sperabant
666 1430 1254 1502 commendationem,
1286 1430 1530 1487 Antonii
1561 1429 1872 1488 familiares
1894 1431 2158 1506 inseque-
2202 1432 2276 1489 10

329 1523 558 1595 bantur,
588 1543 822 1581 uxorem
855 1524 1122 1581 Fulviam
1149 1525 1422 1582 omnibus
1450 1525 1623 1582 rebus
1670 1524 1916 1601 spoliare
1964 1525 2160 1601 cupie-

329 1618 511 1688 bant3
581 1620 793 1677 liberos
867 1620 1042 1678 etiam
1117 1620 1459 1696 extinguere
1511 1622 1811 1696 parabant.
1922 1622 2157 1679 Atticus

326 1732 500 1787 quum
532 1714 836 1772 Ciceronis
867 1715 1070 1781 intima
1119 1716 1507 1793 familiaritate
1558 1728 1833 1789 uteretur,
1880 1716 2158 1774 amicissi-

328 1827 457 1865 mus
490 1821 640 1867 esset
670 1810 877 1879 Brut03
921 1829 1037 1867 non
1067 1808 1241 1867 modo
1271 1810 1416 1867 nihil
1468 1810 1538 1867 iis
1572 1811 1810 1869 indulsit
1854 1812 1926 1868 ad
1974 1812 2158 1868 Anto-

326 1903 488 1958 nium
543 1904 893 1976 violandum,
951 1906 1053 1961 sed
1108 1925 1141 1962 e
1197 1905 1488 1962 contrario
1544 1905 1851 1963 familiares
1904 1905 2032 1981 ejus
2083 1925 2156 1963 ex
2200 1908 2273 1964 15

327 1999 467 2055 urbe
495 2000 909 2075 profugienteS,
939 1998 1220 2075 quantum
1268 2001 1473 2076 potuit,
1515 2001 1695 2058 texit:
1736 2000 1945 2076 quibus
1984 2001 2157 2058 rebus

326 2093 719 2169 indiguerunt,
770 2095 934 2171 juvit.
1040 2097 1103 2153 P.
1148 2094 1284 2153 vero
1329 2095 1645 2155 Volumnio
1691 2115 1763 2153 ea
1815 2095 2035 2168 tribuit,
2094 2108 2157 2155 ut

323 2192 488 2266 plura
532 2210 565 2247 a
615 2204 853 2267 parente
906 2192 1196 2268 proficisci
1251 2213 1368 2250 non
1412 2192 1719 2269 potuerint.
1803 2192 1924 2269 Ipsi
1961 2205 2155 2251 autem

325 2285 568 2358 Fulviae‚
597 2306 773 2360 quum
803 2287 1000 2345 litibus
1029 2288 1421 2361 distineretur,
1451 2289 1792 2364 magnisque
1837 2288 2153 2347 terroribus

288 2393 647 2456 *vexaretur,
691 2384 852 2440 tanta
902 2383 1206 2459 diligentia
1249 2385 1503 2441 officium
1548 2403 1717 2440 suum
1764 2385 2044 2459 praestitit,
2090 2395 2153 2443 ut
2191 2383 2272 2441 20

325 2478 548 2534 nullum
577 2478 675 2535 illa
702 2478 911 2537 stiterit
940 2479 1333 2536 vadimonium
1362 2478 1487 2535 sine
1518 2479 1739 2551 Attico,
1769 2479 1867 2536 hic
1914 2498 2153 2554 sponsor

323 2573 583 2630 omnium
605 2592 797 2630 rerum
827 2574 1014 2631 fuerit.
1099 2574 1264 2634 Quin
1294 2573 1492 2645 etiam,
1537 2591 1715 2647 quum
1763 2572 1863 2629 illa
1909 2574 2153 2629 fundum

324 2669 584 2726 secunda
614 2669 843 2726 fortuna
871 2669 1106 2726 emisset
1136 2668 1195 2725 in
1234 2668 1411 2738 diem,
1458 2687 1645 2742 neque
1693 2677 1821 2743 post
1864 2667 2155 2724 calamita·

325 2777 442 2822 tem
466 2783 758 2821 versuram
790 2766 980 2821 facere
1008 2763 1307 2839 potuisset,
1340 2762 1435 2819 ille
1465 2782 1526 2819 se
1572 2761 1932 2837 interposuit,
1981 2779 2155 2836 pecu-

325 2858 594 2933 niamque
624 2858 748 2916 sine
779 2860 1016 2931 foenore,
1067 2858 1306 2932 sineque
1361 2858 1477 2914 ulla
1528 2857 1895 2933 stipulatione
1932 2856 1988 2914 ei
2032 2876 2155 2914 cre·
2191 2855 2272 2913 25

315 2953 509 3010 didit:
553 2949 867 3010 maximum
925 2953 1261 3009 existimans
1316 2964 1617 3026 quaestum,
1668 2971 1978 3010 memorem
2028 2971 2157 3026 gra·

324 3061 561 3123 tumque
615 3047 910 3124 cognosci,
968 3048 1249 3121 simulque
1308 3046 1550 3121 aperire,
1608 3065 1669 3101 se
1718 3064 1834 3101 non
1893 3045 2153 3115 fortunae,

326 3145 427 3201 sed
505 3144 852 3215 hominibus,
923 3143 1105 3200 solere
1175 3161 1303 3198 esse
1377 3140 1646 3196 amicum.
1753 3137 1908 3208 Quae
1976 3156 2152 3213 quum

327 3238 596 3311 faciebat,
654 3258 844 3310 nem0,
901 3257 1034 3295 eum
1089 3237 1364 3311 temporis
1419 3235 1598 3292 causti
1655 3234 1865 3306 facere,
1928 3245 2153 3309 poterat

326 3334 673 3391 existimare.
760 3333 1001 3390 Nemini
1030 3332 1186 3389 enim
1232 3332 1291 3388 in
1322 3330 1655 3405 opinionem
1699 3328 1986 3402 veniebat,
2031 3330 2153 3386 An·
2192 3329 2273 3386 30

326 3428 548 3486 tonium
598 3448 787 3485 rerum
837 3428 1167 3503 potiturum.
1255 3426 1373 3481 Sed
1428 3423 1641 3481 sensim
1693 3422 1741 3481 is
1788 3441 1821 3480 a
1858 3424 2152 3481 nonnullis

324 3523 697 3599 optimatibus
724 3522 1273 3598 reprehendebatur,
1302 3516 1456 3593 quod
1481 3515 1682 3592 parum
1732 3516 1923 3576 odisse
1973 3519 2153 3575 malos

327 3618 484 3676 cives
512 3617 815 3676 videretur.
901 3609 1007 3674 Ille
1039 3627 1228 3673 autem
1273 3613 1360 3670 sui
1401 3611 1607 3688 judicii
1654 3610 1867 3688 potius,
1909 3613 2045 3688 quid
2090 3630 2151 3669 se
