2619 4349
1107 412 1358 466 cIMON.
2181 408 2264 468 m

312 574 598 632 animatas
627 571 1006 646 confirmavit,
1027 573 1308 633 alienatas
1331 575 1403 632 ad
1425 573 1681 634 officium
1710 573 1900 633 redire
1928 573 2141 652 coegit.

311 670 580 750 Scyrum,
628 687 802 743 quam
850 688 921 727 eo
966 680 1224 745 tempore
1273 670 1529 747 Dolopes
1583 670 1940 743 incolebant,
1988 669 2144 747 quod

310 762 715 823 contumacius
763 783 824 821 se
868 775 1189 839 gesserant,
1233 765 1578 840 vacuefecit,
1621 785 1874 825 sessores
1921 777 2145 825 veteres

310 862 453 918 urbe
496 859 802 934 insulaque
850 858 1044 934 ejecit,
1090 874 1257 934 agros
1305 859 1531 918 civibus
1577 860 1789 920 divisit.
1888 859 2144 920 Thasios

306 955 612 1031 opulentia
653 955 828 1014 fretos
869 973 975 1012 suo
1017 954 1267 1014 adventu
1309 954 1499 1033 fregit.
1584 955 1697 1015 His
1737 976 1811 1014 ex
1851 955 2143 1016 manubiis
2218 957 2261 1015 5

316 1050 676 1113 Athenarum
705 1069 827 1123 arx,
855 1046 970 1125 qua
1000 1049 1073 1107 ad
1101 1049 1405 1108 meridiem
1433 1051 1637 1127 vergit,
1666 1062 1756 1110 est
1780 1063 2002 1112 ornata.

390 1144 506 1202 ΙΙΙ.
586 1145 826 1207 Quibus
868 1145 1043 1204 rebus
1089 1164 1266 1221 quum
1311 1164 1464 1203 unus
1508 1144 1569 1203 in
1613 1144 1847 1205 civitate
1888 1142 2141 1204 maxime

309 1238 557 1313 floreret,
597 1240 803 1298 incidit
844 1240 905 1297 in
947 1240 1194 1297 eandem
1237 1238 1537 1313 invidiam,
1566 1258 1738 1316 quam
1778 1251 1940 1317 pater
1980 1260 2141 1314 suus,

304 1335 602 1411 caeterique
632 1334 1082 1393 Atheniensium
1122 1334 1430 1412 principes.
1513 1334 1669 1393 Nam
1710 1346 1987 1395 testarum
2027 1335 2143 1393 sus·

310 1430 532 1507 fragiis,
575 1430 727 1506 quod
771 1429 852 1488 illi
892 1429 1295 1488 ostracismum
1337 1442 1568 1504 vocant,
1611 1432 1815 1489 decem
1859 1450 2140 1489 annorum
2184 1430 2261 1489 10

308 1525 483 1583 exilio
525 1525 800 1586 multatus
840 1536 944 1583 est.
1029 1525 1215 1602 Cujus
1256 1526 1410 1584 sacti
1436 1525 1685 1584 celerius
1726 1526 2139 1600 Athenienses,

307 1617 481 1695 quam
511 1619 718 1696 ipsum,
746 1619 1030 1696 poenituit.
1114 1619 1269 1678 Nam
1297 1639 1476 1695 quum
1510 1621 1605 1678 ille
1648 1621 1780 1680 sorti
1822 1621 2014 1679 animo
2058 1620 2142 1677 in-

307 1715 477 1772 vidiae
518 1714 873 1791 ingratorum
915 1714 1128 1773 civium
1172 1715 1465 1789 cessisset,
1496 1716 1824 1792 bellumque
1866 1716 2141 1775 Lacedae·

308 1808 489 1867 monii
530 1808 994 1867 Atheniensibus
1035 1808 1419 1881 indixissent3
1475 1811 1780 1870 confestim
1821 1822 1972 1870 notae
2013 1811 2140 1888 ejus

306 1905 533 1963 virtutis
560 1904 912 1962 desiderium
941 1916 1320 1964 consecutum
1348 1916 1454 1964 est.
1539 1905 1741 1982 Itaque
1769 1919 1898 1982 post
1921 1924 2138 1963 annum
2183 1907 2259 1965 15

306 1999 592 2075 quintum,
620 1996 794 2074 quam
835 2000 1109 2075 expulsus
1141 2010 1284 2072 erat,
1316 2000 1376 2057 in
1403 1999 1650 2075 patriam
1690 2012 1993 2058 revocatus
2032 2013 2138 2059 est.

307 2093 439 2168 Ille,
480 2092 635 2169 quod
694 2093 942 2170 hospitio
993 2093 1569 2152 Lacedaemoniorum
1611 2094 1900 2167 utebatur,
1958 2094 2141 2152 satius

306 2190 665 2264 existimanS,
707 2190 1061 2250 contendere
1109 2188 1614 2263 Lacedaemonem,
1657 2189 1764 2247 sua
1808 2201 2011 2266 sponte
2052 2202 2141 2249 est

308 2286 618 2363 profectuS,
663 2304 980 2362 pacemque
1024 2284 1173 2343 inter
1214 2284 1361 2343 duas
1405 2285 1835 2361 potentissimas
1876 2285 2140 2343 civitates

306 2380 654 2439 conciliavit.
737 2378 898 2453 Post,
927 2398 1116 2455 neque
1145 2379 1226 2437 ita
1252 2378 1457 2453 multo,
1479 2380 1737 2457 Cyprum
1766 2399 1900 2438 cum
1922 2380 2140 2438 ducen-
2177 2380 2258 2439 20

306 2474 381 2533 tis
409 2474 652 2533 navibus
681 2474 987 2550 imperator
1014 2473 1244 2546 missus,
1265 2493 1444 2549 quum
1472 2475 1598 2550 ejus
1621 2473 1895 2551 majorem
1916 2487 2140 2551 partem

307 2569 512 2628 insulae
541 2568 868 2640 devicisset,
898 2567 958 2624 in
986 2567 1251 2626 morbum
1280 2568 1595 2644 implicitus
1631 2569 1689 2625 in
1731 2569 1944 2644 oppido
1983 2568 2141 2626 Citio

304 2676 396 2723 est
422 2674 699 2723 mortuuS.

387 2757 494 2817 IV.
579 2757 760 2815 Hunc
796 2755 1188 2816 Athenienses
1229 2776 1348 2815 non
1389 2754 1575 2815 solum
1619 2756 1677 2814 in
1721 2758 1892 2832 bello,
1933 2758 2036 2816 sed
2079 2756 2138 2816 in

305 2872 452 2932 pace
494 2852 603 2910 diu·
636 2851 1124 2910 desideraverunt.
1208 2850 1348 2911 Fuit
1388 2849 1544 2910 enim
1583 2853 1745 2911 tanta
1771 2853 2136 2927 liberalitate,
2175 2852 2257 2912 25

305 2968 485 3026 quum
535 2946 928 3024 compluribus
970 2946 1115 3005 locis
1158 2947 1377 3024 proedia
1419 2948 1725 3024 hortosque
1770 2949 2029 3021 haberet,
2074 2960 2139 3008 ut

306 3061 605 3120 nunquam
648 3041 708 3100 in
750 3040 836 3099 eis
876 3041 1176 3099 custodem
1219 3041 1557 3117 imposuerit
1597 3042 1819 3100 fructus
1872 3042 2139 3100 servandi

304 3138 513 3216 gratia,
543 3157 620 3196 ne
647 3135 776 3213 quis
813 3134 1207 3212 impediretur,
1237 3134 1352 3211 quo
1394 3134 1589 3194 minus
1629 3136 1756 3212 ejus
1796 3137 1988 3209 rebus,
2018 3135 2140 3212 qui·

307 3235 415 3293 bus
453 3233 694 3310 quisque
736 3231 926 3304 vellet,
970 3231 1270 3288 frueretur.
1382 3231 1625 3307 Semper
1665 3248 1798 3288 eum
1839 3229 2140 3307 pedisequi

307 3348 443 3388 cum
470 3327 725 3387 nummis
751 3337 888 3385 sunt
914 3324 1120 3398 secuti,
1150 3335 1234 3398 ut,
1264 3324 1313 3382 si
1340 3323 1468 3399 quis
1494 3324 1621 3400 opis
1659 3324 1786 3400 ejus
1830 3324 2136 3402 indigeret,
2177 3324 2258 3384 30

307 3424 566 3497 haberet,
619 3421 773 3498 quod
827 3418 1022 3480 statim
1091 3419 1276 3492 daret,
1331 3438 1407 3476 ne
1475 3418 1797 3478 differendo
1850 3419 2139 3479 videretur

307 3535 543 3595 negare.
627 3513 796 3595 Saepe
825 3534 1003 3591 quum
1034 3513 1282 3590 aliquem
1324 3513 1608 3572 offensum
1650 3515 1881 3574 fortuna
1921 3514 2142 3574 videret

308 3609 502 3671 minus
529 3612 679 3671 bene
709 3610 995 3686 vestitum,
1027 3629 1197 3670 suum
1228 3608 1541 3667 amiculum
1568 3608 1747 3669 dedit.
1855 3607 2141 3671 Quotidie
