2619 4349
378 395 460 455 32
1179 403 1639 454 ALCIBIADES.

494 576 562 623 ut
600 563 827 622 absenti
870 563 1270 640 magistratum
1344 564 1711 641 abrogarent,
1758 574 1819 622 et
1868 562 2047 621 alium
2091 561 2153 621 in
2200 561 2332 639 ejus

493 660 689 719 locum
717 660 1149 718 substituerent.
1235 659 1305 717 Id
1336 660 1432 718 ille
1462 671 1525 719 ut
1553 659 1791 732 audivit,
1837 660 2075 718 domum
2119 657 2330 719 reverti

494 755 700 828 noluit,
723 767 782 814 et
810 775 873 813 se
900 755 1160 831 Pactyen
1208 755 1476 829 contulit,
1506 755 1701 831 ibique
1743 755 1855 814 tria
1893 754 2134 815 castella
2173 774 2332 821 com—

492 850 761 925 munivit,
816 851 1060 924 Bornos„
1131 851 1475 925 Bisanthen,
1551 850 1917 912 Neontichos
1950 872 1966 922 ;
2036 870 2330 926 manuque

412 946 455 1004 5
495 947 741 1006 collecta
767 947 987 1023 primus
1035 946 1278 1005 Graeciae
1323 947 1575 1006 civitatis
1611 947 1674 1004 in
1717 947 2039 1007 Thraciam
2088 947 2332 1021 introiit,

492 1040 799 1120 gloriosius
852 1042 1212 1116 existimans,
1267 1042 1656 1101 Barbarorum
1717 1043 1916 1118 praeda
1967 1041 2333 1119 locupletari,

492 1134 668 1214 quam
696 1138 1020 1197 Graiorum.
1102 1138 1247 1201 Qua
1273 1158 1349 1196 ex
1375 1158 1438 1196 re
1481 1149 1740 1197 creverat
1777 1157 1956 1214 quum
2003 1137 2158 1196 sarna
2206 1149 2331 1197 turn

489 1234 718 1312 opibuS,
751 1254 1137 1311 magnamque
1168 1233 1485 1294 amicitiam
1514 1233 1625 1293 sibi
1653 1254 1789 1293 cum
1812 1233 2160 1309 quibusdam
2181 1233 2332 1312 regi-

490 1331 622 1403 bus,
653 1330 926 1389 Thraciae
967 1343 1287 1407 pepererat.

382 1425 455 1484 10
572 1424 746 1483 VIII.
832 1423 1041 1500 Neque
1089 1437 1284 1485 tamen
1332 1445 1367 1484 a
1410 1426 1652 1486 caritate
1694 1426 1896 1503 patrias
1941 1425 2130 1504 potuit
2167 1445 2330 1491 rece·

493 1520 648 1579 dere.
732 1520 890 1578 Nam
919 1540 1097 1597 quum
1127 1523 1279 1598 apud
1313 1522 1498 1599 AEgos
1527 1521 1745 1580 flumen
1774 1522 2088 1597 Philocles,
2116 1534 2327 1599 praetor

492 1615 965 1685 Atheniensium,
997 1618 1242 1675 classem
1272 1617 1670 1677 constituisset
1716 1638 1903 1691 suam,
1932 1638 2121 1695 neque
2150 1617 2326 1696 longe

492 1712 722 1771 abesset
748 1711 1071 1788 Lysander,
1100 1725 1306 1790 praetor
1357 1713 1957 1786 Lacedaemoniorurn,
2007 1715 2105 1791 qui
2151 1715 2210 1772 in
2256 1734 2329 1775 eo

489 1819 614 1866 erat
665 1820 1006 1885 occupatus,
1062 1820 1126 1867 ut
1181 1809 1398 1866 bellum
1452 1807 1627 1884 quarn
1680 1808 2006 1869 diutissime
2063 1811 2327 1885 duceret,

362 1904 450 1962 ‘15
490 1902 646 1980 quod
704 1903 842 1981 ipsis
910 1904 1162 1980 pecunia
1218 1924 1252 1961 a
1305 1905 1477 1982 Rege
1551 1905 2050 1981 suppeditabatur,
2120 1903 2329 1966 contra

490 1999 952 2058 Atheniensibus
982 1999 1279 2058 exhaustis
1305 2011 1514 2076 praeter
1543 2019 1705 2058 arma
1731 2012 1790 2058 et
1817 2020 1996 2058 naves
2024 2000 2171 2058 nihil
2199 2012 2328 2061 erat

488 2094 702 2172 super:
767 2095 1108 2153 Alcibiades
1153 2096 1226 2152 ad
1271 2095 1725 2153 Atheniensium
1775 2095 1935 2154 venit
1980 2095 2325 2172 exercitum,

489 2190 683 2265 ibique
710 2201 994 2268 proesente
1024 2191 1197 2267 vulgo
1224 2210 1398 2267 agere
1427 2190 1624 2267 coepit,
1652 2178 1707 2249 εἴ
1734 2192 1954 2265 vellent,
1998 2212 2056 2250 se
2100 2202 2327 2254 coactu-

490 2307 614 2343 rum
643 2286 1018 2363 Lysandrum
1047 2295 1151 2344 aut
1178 2286 1454 2344 dimicare
1483 2294 1585 2344 aut
1617 2306 1822 2364 pacem
1859 2296 2095 2365 petere,·
2138 2289 2326 2356 Lace-

368 2381 448 2440 20
489 2382 790 2440 dcemonios
845 2380 909 2441 ed
958 2383 1102 2441 nolle
1157 2381 1464 2459 confligere
1512 2383 1716 2456 classe,
1763 2381 1923 2460 quod
1954 2384 2321 2461 pedestribus

488 2479 669 2556 copiis
713 2476 858 2556 plics
913 2475 1084 2555 qudm
1137 2478 1383 2537 navibus
1437 2479 1732 2544 valerent‚·
1790 2480 1905 2538 sibi
1964 2488 2150 2542 autem
2203 2500 2323 2540 esse

467 2567 689 2651 facile,
728 2575 997 2648 Seuthen,
1042 2594 1229 2651 regem
1270 2575 1581 2650 Thracum,
1610 2575 1903 2650 deducere,
1930 2585 1997 2634 ut
2022 2597 2112 2636 eos
2161 2575 2323 2637 terrd

487 2670 823 2747 depelleret,-
865 2691 976 2748 quo
986 2669 1186 2747 facto,
1215 2671 1538 2732 necessari&
1566 2681 1672 2732 aut
1710 2674 1889 2732 classe
1931 2672 2322 2749 eorfiieturos,

485 2775 590 2825 aut
618 2766 813 2825 bellum
842 2767 1265 2846 composituros.
1350 2766 1421 2824 Id
1445 2767 1555 2826 etsi
1584 2765 1717 2826 vere
1763 2768 1987 2828 dictum
2028 2768 2322 2832 Philocles

364 2861 446 2923 25
487 2861 1000 2947 animadvertebat,
1056 2875 1254 2923 tamen
1307 2862 1595 2939 postulata
1650 2863 1842 2923 facere
1895 2862 2102 2937 noluit,
2162 2864 2321 2941 quod

482 2960 791 3034 sentiebat,
822 2980 903 3034 se,
935 2958 1246 3018 Alcibiade
1274 2970 1531 3035 recepte,
1579 2957 1796 3016 nullius
1838 2960 2114 3017 momenti
2155 2960 2318 3036 apud

481 3057 801 3116 exercitum
833 3058 1109 3129 futurum,
1132 3066 1211 3128 et,
1241 3054 1291 3113 si
1317 3053 1456 3129 quid
1485 3052 1732 3111 secundi
1759 3052 2067 3126 evenisset,
2096 3054 2319 3112 nullam

484 3153 544 3211 in
568 3153 638 3210 ea
668 3173 728 3210 re
758 3171 920 3211 suam
952 3163 1173 3228 partem
1203 3151 1363 3219 fore3
1428 3160 1631 3206 contra
1673 3166 1763 3220 ea,
1809 3147 1857 3204 si
1900 3148 2039 3222 quid
2089 3146 2318 3213 adversi

483 3246 811 3320 accidisset,
837 3266 899 3305 se
929 3264 1108 3303 unum
1145 3243 1271 3321 ejus
1297 3242 1499 3302 delicti
1528 3242 1785 3302 futurum
1812 3262 1995 3304 reum.
2078 3244 2176 3303 Ab
2205 3244 2317 3306 hoc

361 3344 445 3404 30
483 3342 794 3401 discedens
825 3339 1183 3412 Alcibiades,
1214 3343 1231 3370 ‘
1255 3337 1570 3414 quoniam‚'
1623 3336 1833 3413 inquit,
1883 3343 1899 3370 ‘
1921 3338 2177 3404 victoriae
2218 3357 2320 3416 pa-

481 3436 606 3498 triae
634 3456 944 3514 repugnas,
976 3434 1117 3493 illud
1146 3454 1375 3508 morien,
1416 3432 1584 3511 juxta
1626 3435 1822 3493 hostes
1863 3447 2058 3494 castra
2098 3435 2319 3502 habeas

444 3588 448 3592 .
481 3531 737 3593 nautica.
820 3529 1154 3590 Periculum
1182 3542 1270 3590 est
1297 3530 1480 3604 enim,
1528 3550 1604 3589 ne
1654 3530 2021 3591 immodestia
2063 3530 2316 3592 militum

481 3641 805 3690 nostrorum
857 3626 1092 3688 occasio
1145 3628 1314 3688 detur
1358 3626 1662 3705 Lysandro
1715 3627 1897 3688 nostri
1945 3626 2316 3707 opprimendi
