2619 4349
809 410 871 459 T.
906 370 1322 460 POMPONIIJS
1356 409 1680 460 ATTICUS.
2168 401 2281 491 199

408 569 526 628 ΙΙΙ.
610 568 683 627 In
725 569 996 627 omnibus
1047 570 1220 628 rebus
1262 569 1544 647 singulari
1594 570 1701 629 fuit
1751 569 2062 646 prudentia
2102 580 2162 628 et
2230 632 2239 641 Ἢ

328 663 633 723 industria.
719 664 876 722 Nam
903 676 962 723 et
991 664 1247 741 agricola
1268 667 1467 739 solerS,
1487 678 1546 725 et
1563 665 1895 742 reipublicae
1919 664 2158 741 peritus,

260 767 271 776 ‘
325 771 385 818 et
406 760 554 837 juris
584 762 904 834 consultuS,
954 772 1013 819 et
1067 780 1314 837 magnus
1369 761 1696 838 imperator,
1741 772 1800 819 et
1846 760 2160 837 probabilis

325 868 538 930 orator,
575 868 634 914 et
683 855 1096 933 cupidissimus
1141 856 1462 915 litterarum
1513 856 1636 915 fuit.
1719 856 1991 918 Quarum
2044 868 2162 914 stu·

326 952 489 1009 dium
519 951 627 1010 etsi
666 952 858 1010 senior
905 951 1242 1029 arripuerat,
1292 963 1487 1010 tamen
1533 963 1756 1011 tantum
1802 951 1862 1009 in
1905 951 1991 1010 eis
2033 972 2160 1028 pro-
2198 953 2238 1009 5

328 1066 590 1122 gressum
620 1047 778 1120 fecit,
808 1059 871 1105 ut
915 1066 1032 1104 non
1089 1046 1260 1106 facile
1306 1048 1557 1125 reperire
1602 1047 1804 1124 possis,
1854 1067 2041 1124 neque
2086 1048 2160 1106 de

327 1141 570 1215 Graecis,
601 1161 788 1218 neque
812 1143 883 1199 de
914 1142 1137 1201 Italicis
1158 1143 1353 1215 rebuS,
1383 1144 1532 1220 quod
1575 1142 1631 1200 ei
1680 1142 1852 1202 fuerit
1899 1142 2160 1220 incogni-

327 1246 467 1293 tum.
577 1236 676 1293 Ab
758 1237 1150 1295 adolescentia
1220 1238 1476 1297 confecit
1547 1238 1854 1298 orationes.
1966 1239 2161 1296 Senex

327 1332 594 1391 historias
647 1332 902 1391 scribere
946 1332 1215 1406 instituit,
1260 1353 1503 1408 quarum
1553 1346 1688 1393 sunt
1736 1333 1868 1392 libri
1916 1346 2155 1411 septem.

326 1427 556 1487 Primus
579 1428 839 1488 continet
867 1449 959 1486 res
991 1441 1187 1505 gestas
1235 1449 1439 1506 regum
1487 1431 1682 1507 populi
1730 1429 2024 1499 Romani3
2071 1450 2158 1489 se·
2202 1432 2278 1491 10

327 1526 555 1583 cundus
582 1537 640 1583 et
668 1526 892 1599 tertiuS‚
915 1525 1072 1582 unde
1100 1544 1342 1600 quaeque
1371 1524 1575 1583 civitas
1613 1536 1741 1595 orta
1788 1524 1862 1584 sit
1910 1525 2117 1584 Italica
2140 1547 2154 1595 ;

326 1621 402 1678 ob
429 1639 600 1696 quam
648 1640 772 1678 rem
818 1640 1021 1680 omnes
1064 1619 1343 1696 Origines
1392 1620 1616 1679 videtur
1662 1621 2023 1698 appellasse„
2083 1621 2156 1678 In

326 1727 529 1790 quarto
584 1703 785 1774 autem
827 1716 1041 1774 bellum
1110 1715 1418 1774 Poenicum
1493 1716 1780 1792 primum3
1845 1716 1905 1773 in
1954 1716 2157 1792 quinto

327 1812 669 1869 secundum.
755 1812 949 1888 Atque
980 1813 1105 1869 haee
1147 1811 1347 1869 omnia
1395 1811 1753 1888 capitulatim
1802 1824 1937 1870 sunt
1980 1812 2154 1871 dicta.

328 1905 693 1982 Reliquaque
724 1907 877 1964 bella
921 1906 1046 1982 pari
1094 1906 1267 1965 modo
1314 1918 1654 1982 persecutus
1701 1917 1808 1979 est,
1859 1926 2039 1982 usque
2086 1906 2157 1964 ad
2202 1890 2277 1964 15'

328 2013 632 2077 praeturam
677 2003 801 2060 Ser.
845 2002 1069 2075 Galbae,
1119 2002 1217 2077 qui
1265 2001 1505 2079 diripuit
1547 2001 1875 2060 Lusitanos,
1962 2003 2157 2078 Atque

327 2097 530 2156 horum
560 2098 841 2156 bellorum
870 2098 1049 2155 duces
1072 2118 1187 2156 non
1219 2097 1560 2171 nominavit,
1590 2098 1691 2156 sed
1742 2097 1867 2155 sine
1913 2098 2158 2156 nomini-

327 2193 435 2251 bus
464 2214 556 2252 res
584 2194 818 2253 notavit.
902 2193 973 2251 In
1006 2193 1210 2252 iisdem
1239 2194 1524 2270 exposuit,
1554 2213 1679 2270 quae
1710 2194 1769 2253 in
1800 2194 1973 2253 Italia
2022 2194 2157 2252 His-

325 2288 627 2364 paniisque
701 2288 1030 2347 viderentur
1114 2289 1490 2348 admiranda:
1562 2290 1621 2348 in
1690 2290 1899 2366 quibus
1977 2291 2158 2351 multa

328 2382 612 2442 industria
638 2395 698 2442 et
724 2382 1026 2460 diligentia
1073 2397 1387 2460 comparet,
1437 2386 1619 2444 multa
1665 2386 1945 2445 doctrina.
2032 2385 2158 2444 Hu-
2194 2386 2274 2445 20

322 2478 419 2555 jus
447 2479 519 2537 de
548 2478 664 2537 vita
691 2491 751 2538 et
778 2479 1034 2538 moribus
1060 2480 1227 2555 plura
1255 2479 1314 2536 in
1345 2499 1416 2538 eo
1442 2480 1589 2538 libro
1615 2480 1907 2556 persecuti
1935 2500 2153 2551 sumuS,

326 2594 501 2651 quem
531 2574 839 2651 separatim
881 2575 953 2632 de
996 2593 1068 2634 eo
1115 2574 1363 2633 fecimus
1416 2586 1620 2651 rogatu
1670 2573 1804 2632 :riti
1851 2574 2156 2651 Pomponii

329 2668 533 2729 Attici.
615 2669 820 2732 Quare
849 2669 1135 2729 studiosos
1163 2668 1407 2728 Catonis
1435 2670 1507 2728 ad
1557 2670 1699 2728 illud
1743 2670 2012 2728 volumen
2058 2669 2157 2728 de-

327 2766 609 2843 legamus.

410 3147 608 3207 XXV.
693 3146 785 3204 T.
851 3145 1498 3232 POMPONIUS
1565 3146 2091 3206 ATTICUS.

409 3335 459 3394 1.
558 3336 733 3394 Titus
794 3336 1146 3413 Pomponius
1212 3338 1461 3411 Atticm,
1533 3340 1606 3396 ab
1673 3337 1899 3414 origine
1954 3337 2159 3398 ultima
2196 3337 2287 3397 25.

327 3431 520 3508 stirpis
547 3431 833 3490 Romanae
862 3444 1194 3508 generatus,
1221 3433 1503 3511 perpetuo
1538 3453 1571 3491 a
1597 3434 1914 3511 majoribus
1955 3454 2160 3511 accep-

328 3541 447 3587 tam
476 3540 798 3603 equestrem
825 3526 1075 3587 obtinuit
1091 3528 1464 3605 dignitatem.
1549 3530 1722 3589 Patre
1751 3550 1890 3588 usus
1917 3542 2006 3588 est
2032 3529 2161 3588 dili-

325 3634 523 3699 gente,
553 3622 914 3701 indulgente,
944 3636 1022 3699 et,
1051 3636 1116 3683 ut
1142 3636 1266 3683 tum
1293 3636 1458 3684 erant
1487 3625 1924 3703 tempora‚,diti‚
1970 3623 2169 3701 impri-

743 3719 818 3778 10
2022 3733 2045 3736 “
