2619 4349
353 408 434 469 88
1225 423 1563 474 PHOOION.

470 599 690 653 eorum,
719 581 817 655 qui
843 592 973 657 post
1001 582 1403 641 Alexandrum
1431 603 1710 660 magnum
1738 601 1908 659 reges
1937 594 2074 642 sunt
2110 584 2306 660 appel-

471 674 594 747 lati,
624 695 697 733 ex
725 677 835 734 hoc
880 677 1153 734 facillime
1198 689 1387 754 potest
1429 678 1703 755 judicari,
1748 677 1902 754 quod
1947 698 2139 752 nemo,
2185 680 2306 738 Eu-

469 788 640 827 mene
695 771 842 844 vivo,
892 791 995 829 rex
1043 774 1364 849 appellatus
1407 784 1515 845 est,
1563 773 1665 830 sed
1713 773 2055 849 praefectus3
2100 773 2301 848 iidem,

466 875 595 940 post
623 865 793 942 hujus
820 885 1114 940 occasum,
1145 868 1340 927 statim
1384 868 1608 944 regium
1653 879 1924 926 ornatum
1972 887 2304 944 nomenque

387 957 429 1015 5
468 972 869 1036 sumpserunt:
912 981 1121 1037 neque,
1150 963 1302 1038 quod
1349 963 1516 1022 initio
1563 963 1973 1040 praedicarunt,
2018 983 2082 1021 se
2126 965 2305 1023 Alex-

469 1055 633 1113 andri
656 1056 853 1114 liberis
880 1076 1123 1133 regnum
1167 1077 1414 1131 servare,
1442 1057 1500 1115 id
1544 1070 1816 1134 praestare
1863 1059 2200 1128 voluerunt3
2243 1072 2307 1118 et

468 1169 586 1209 uno
632 1164 1057 1228 propugnatore
1103 1154 1349 1227 sublat0,
1393 1152 1532 1228 quid
1581 1153 1884 1226 sentirent,
1931 1165 2300 1229 aperuerunt.

467 1245 662 1322 Hujus
691 1247 926 1304 sceleris
952 1247 1246 1324 principes
1276 1250 1508 1307 fuerunt
1538 1248 1893 1324 AntigonuS‚
1933 1249 2300 1323 Ptolemaeus,

469 1341 771 1414 Seleucus,
823 1342 1226 1418 LysimachuS,
1274 1344 1623 1407 Cassander.
1725 1343 2061 1419 Antigonus
2105 1354 2302 1402 autem

355 1435 429 1494 10
469 1435 794 1493 Eumenem
825 1448 1113 1494 mortuum
1153 1438 1491 1514 propinquis
1538 1437 1666 1514 ejus
1693 1438 2092 1514 sepeliendum
2122 1437 2302 1495 tradi-

466 1531 568 1589 dit.
653 1530 736 1588 Hi
765 1530 998 1589 militari
1028 1533 1269 1591 honesto
1299 1534 1523 1606 funere,
1543 1533 1859 1591 comitante
1878 1543 1998 1590 toto
2016 1531 2299 1606 exercitu,

467 1627 890 1696 humaverunt3
933 1646 1176 1702 ossaque
1205 1627 1333 1703 ejus
1363 1627 1422 1685 in
1453 1626 1884 1704 Cappadociam
1938 1626 2010 1684 ad
2053 1638 2302 1686 matrem

469 1732 638 1797 atque
666 1740 904 1780 uxorem
931 1722 1256 1799 liberosque
1284 1723 1413 1800 ejus
1434 1723 1795 1800 deportanda
1821 1723 2119 1781 curarunt.

958 2171 1135 2231 XIX.
1219 2170 1759 2231 PHOCION.

542 2379 592 2437 Ι.
695 2380 983 2454 Phocion,
1038 2380 1428 2439 Atheniensis.
1531 2378 1661 2438 Etsi
1731 2377 1886 2456 saepe
1943 2378 2304 2439 exercitibus

351 2476 424 2535 15
464 2474 709 2552 praefuit,
738 2495 1105 2551 summosque
1131 2475 1503 2552 magistratus
1531 2474 1706 2551 cepit,
1734 2486 1932 2535 tamen
1959 2473 2142 2534 multo
2171 2475 2304 2551 ejus

464 2570 653 2630 notior
684 2570 986 2648 integritas
1014 2570 1166 2643 vitae,
1194 2568 1370 2647 quam
1399 2570 1483 2628 rei
1511 2570 1776 2628 militaris
1824 2570 2005 2628 labor.
2087 2569 2298 2646 Itaque

464 2666 638 2742 hujus
665 2665 945 2724 memoria
970 2677 1060 2724 est
1087 2666 1247 2728 nulla
1270 2686 1284 2736 3
1330 2665 1484 2724 illius
1514 2676 1707 2724 autem
1734 2684 1950 2741 magna
1992 2666 2179 2723 fama:
2222 2685 2298 2725 ex

463 2780 577 2836 quo
605 2759 955 2836 cognomine
985 2760 1188 2817 Bonus
1233 2771 1323 2818 est
1372 2761 1709 2836 appellatus.
1794 2759 1934 2818 Fuit
1971 2759 2131 2818 enim
2171 2779 2301 2836 pere

461 2854 638 2932 petuo
693 2874 930 2931 pauper,
984 2874 1162 2931 quum
1217 2854 1595 2916 divitissimus
1648 2875 1777 2913 esse
1820 2866 2016 2931 posset
2066 2868 2299 2932 propter

343 2952 424 3011 20
466 2953 794 3027 frequentes
824 2950 1044 3009 delatos
1074 2952 1342 3023 honoreS‚
1371 2961 1798 3026 potestatesque
1848 2970 2123 3024 summaS,
2169 2970 2300 3026 quae

463 3046 520 3105 ei
551 3066 583 3106 a
609 3048 821 3123 populo
849 3047 1155 3104 dabantur.
1241 3046 1361 3103 Hic
1388 3065 1565 3122 quum
1600 3066 1634 3103 a
1674 3065 1811 3122 rege
1861 3046 2130 3123 Philippo
2175 3065 2301 3103 mu·

463 3163 606 3201 nera
631 3161 858 3219 magnae
884 3142 1150 3219 pecuniae
1200 3141 1547 3218 repudiaret,
1594 3141 1884 3218 legatique
1934 3143 2302 3200 hortarentur

466 3236 752 3313 accipere,
783 3238 1066 3312 simulque
1097 3238 1495 3309 admonerent,
1526 3237 1576 3293 si
1599 3237 1720 3313 ipse
1742 3238 1835 3294 his
1852 3236 2025 3294 facile
2049 3249 2299 3309 careret,

463 3333 662 3391 liberis
690 3346 885 3392 tamen
915 3333 1035 3391 suis
1062 3332 1436 3409 prospiceret,
1477 3332 1688 3408 quibus
1730 3332 1966 3390 difficile
2010 3344 2183 3404 esset,
2235 3331 2300 3391 in

343 3431 425 3489 25
465 3428 693 3488 summa
720 3440 1057 3505 paupertate
1088 3440 1305 3487 tantam
1344 3440 1645 3504 paternam
1688 3426 1838 3485 tueri
1886 3426 2163 3503 glori-am:
2207 3426 2301 3484 his

464 3525 582 3597 ille,
615 3524 667 3581 si
713 3524 820 3581 mei
841 3524 1048 3581 similes
1084 3512 1268 3596 erunt,
1298 3524 1444 3580 idem
1492 3523 1605 3595 hic,
1651 3522 1857 3597 inquit,
1908 3523 2128 3597 agellus
2171 3522 2302 3579 illos

464 3622 599 3694 alet,
629 3620 730 3697 qui
755 3640 837 3677 me
866 3619 948 3677 ad
971 3619 1117 3676 hanc
1147 3619 1490 3694 dignitatem
1505 3617 1780 3695 perduxit
1797 3638 1816 3681 ,-
1860 3618 1951 3675 sin
1996 3617 2301 3675 dissimiles
