2619 4349
334 394 445 452 114
919 401 981 450 T.
1015 401 1428 450 POMPONIUS
1464 398 1796 450 ATTICUS.

444 574 508 620 ut
536 561 750 635 caeteri,
780 562 877 636 qui
905 561 1005 637 per
1029 581 1162 618 eum
1182 573 1280 619 aut
1303 562 1570 632 honoreS,
1595 571 1693 617 aut
1716 559 1946 617 div1tias
1963 568 2275 635 ceperant:

445 676 685 733 quorum
739 657 947 733 partim
1003 656 1330 714 invitissimi
1386 668 1574 713 castra
1628 667 1763 712 sunt
1805 654 2010 728 secuti,
2065 655 2275 731 partim

447 752 673 808 summa
702 770 836 807 cum
865 751 990 826 ejus
1018 751 1337 808 offensione
1381 750 1535 807 domi
1584 762 2004 808 remanserunt.
2088 750 2280 808 Attici

447 857 639 903 autem
667 846 830 921 quies
858 858 1155 921 tantopere
1185 846 1406 902 Caesari
1435 845 1542 903 fuit
1570 857 1754 920 grata,
1785 856 1849 902 ut
1876 847 2057 902 victor
2101 862 2283 921 quum

368 943 408 1000 5
447 941 681 1018 privatis
738 931 1020 1017 pecunias
1087 960 1195 1017 per
1264 940 1537 1016 epistolas
1593 941 1919 1016 imperaret,
1970 940 2109 997 huic
2162 959 2283 997 non

447 1034 633 1095 solum
665 1038 940 1094 molestus
968 1056 1085 1093 non
1129 1035 1320 1104 fuerit,
1367 1036 1468 1092 sed
1515 1035 1690 1093 etiam
1741 1035 1949 1093 sororis
1997 1035 2180 1092 filium
2224 1047 2285 1094 et

446 1133 527 1195 Q.
585 1132 932 1191 Ciceronem
987 1153 1059 1190 ex
1107 1132 1369 1207 Pompeii
1440 1131 1644 1188 castris
1699 1131 2072 1190 concesserit.
2179 1132 2283 1190 Sic.

448 1241 638 1287 vetere
669 1228 931 1287 instituto
953 1228 1103 1299 vitaz,
1134 1227 1337 1302 effugit
1366 1246 1514 1284 nova
1539 1227 1815 1303 pericula.

530 1324 704 1381 VIII.
811 1325 1090 1380 Secutum
1146 1334 1234 1379 est
1289 1322 1450 1393 illud,
1528 1322 1727 1379 occiso
1792 1321 2046 1394 Caesare,
2103 1340 2283 1396 quum

336 1419 409 1476 10
436 1418 764 1493 respublica
791 1437 970 1493 penes
1011 1418 1217 1474 Brutos
1264 1417 1553 1474 videretur
1597 1437 1725 1473 esse
1769 1430 1826 1476 et
1875 1417 2164 1490 Cassium,
2212 1436 2284 1475 ac

449 1525 570 1572 tota
597 1513 803 1570 civitas
830 1532 891 1569 se
923 1513 994 1568 ad
1024 1531 1123 1569 eos
1170 1511 1565 1569 convertisset.
1652 1512 1753 1569 Sic
1783 1511 1866 1568 M.
1919 1513 2099 1570 Bruto
2143 1532 2284 1571 usus

448 1619 556 1680 est,
591 1619 654 1665 ut
699 1608 857 1665 nullo
901 1607 996 1663 ille
1044 1606 1383 1664 adolescens
1428 1608 1634 1681 aequali
1691 1607 2054 1681 familiariuS‚
2106 1607 2283 1683 quam

449 1704 560 1760 hoc
602 1722 761 1776 sene,
792 1721 979 1776 neque
1010 1700 1196 1759 solum
1225 1722 1358 1759 eum
1387 1702 1710 1778 principem
1750 1703 1978 1760 consilii
2021 1705 2282 1778 haberet,

448 1799 549 1856 sed
592 1797 766 1856 etiam
796 1797 855 1854 in
886 1797 1173 1854 convictu.
1259 1798 1666 1872 Excogitatum
1698 1810 1784 1856 est
1835 1818 1868 1854 a
1915 1799 2281 1873 quibusdam,

337 1895 410 1952 15
452 1905 515 1951 ut
540 1894 823 1970 privatum
854 1894 1117 1949 aerarium
1136 1892 1386 1949 Caesaris
1416 1894 1880 1953 interfectoribus
1899 1894 1972 1950 ab
1992 1894 2284 1968 equitibus

449 1988 737 2048 Romanis
766 1988 1228 2046 constitueretur.
1314 1987 1384 2043 Id
1416 1987 1584 2045 facile
1615 1988 1767 2044 effici
1808 2008 1973 2064 posse
2025 1989 2285 2046 arbitrati

450 2096 603 2157 sunt,
634 2085 683 2142 si
711 2096 769 2142 et
789 2083 1082 2159 principes
1111 2081 1264 2139 illius
1291 2083 1511 2139 ordinis
1560 2083 1841 2157 pecunias
1881 2083 2280 2142 contulissent.

449 2181 653 2256 Itaque
684 2181 1001 2255 appellatus
1028 2191 1116 2236 est
1146 2199 1178 2235 a
1220 2180 1288 2235 C.
1323 2179 1541 2250 Flavio,
1596 2181 1758 2236 Bruti
1804 2181 2090 2252 familiari,
2134 2181 2285 2239 Atti-

449 2295 574 2347 cuS,
605 2287 668 2333 ut
696 2276 821 2351 ejus
849 2274 932 2331 rei
962 2275 1230 2350 princeps
1259 2294 1386 2331 esse
1416 2275 1600 2331 vellet.
1689 2275 1770 2333 At
1799 2275 1915 2347 ille,
1944 2276 2042 2349 qui
2088 2275 2284 2334 officia

330 2373 411 2430 20
453 2371 656 2429 amicis
682 2371 1009 2447 praestanda
1047 2370 1172 2426 sine
1219 2370 1472 2427 factione
1521 2370 1897 2443 existimaret,
1944 2390 2282 2446 semperque

452 2487 487 2525 a
539 2466 751 2525 talibus
807 2487 868 2523 se
918 2465 1177 2524 consiliis
1231 2466 1587 2537 removisset,
1645 2467 1976 2542 respondit:
2035 2468 2088 2524 si
2142 2466 2287 2543 quid

448 2562 679 2621 Brutus
698 2562 764 2619 de
787 2563 906 2618 suis
917 2560 1317 2637 facultatibus
1357 2563 1445 2617 uti
1472 2562 1759 2634 voluisset,
1808 2583 2059 2635 usurum,
2104 2582 2284 2640 quan-

450 2654 574 2715 trim
620 2676 697 2714 eoe
740 2665 1085 2733 paterentur
1107 2676 1127 2711 .·
1169 2676 1225 2713 se
1274 2676 1449 2731 neque-
1504 2677 1623 2713 cum
1679 2678 1959 2733 quoquam
2001 2659 2068 2715 de
2111 2652 2180 2716 εᾶ
2222 2679 2295 2718 νε

453 2752 875 2823 collocuturum,
930 2770 1105 2825 neque
1163 2755 1461 2807 coiturum.
1573 2752 1674 2807 Sic
1745 2752 1839 2808 ille
1870 2753 2284 2811 consensionis

332 2846 412 2905 25
451 2846 657 2923 globus
701 2844 873 2921 hujus
927 2845 1101 2902 unius
1158 2846 1517 2903 dissensione
1564 2847 1841 2921 disjectus
1884 2859 1988 2905 est.
2074 2847 2282 2923 Neque

451 2940 633 2999 multo
661 2937 792 3017 post
820 2940 1077 3017 superior
1106 2960 1233 2997 esse
1262 2941 1438 3016 coepit
1483 2941 1777 2998 Antonius
1802 2962 1814 3000 ε
1860 2942 1941 3000 ita
1969 2954 2031 3000 ut
2070 2943 2285 3002 Brutus

451 3049 510 3095 et
563 3036 824 3109 CassiuS‚
878 3036 1328 3113 provinciarum,
1384 3056 1512 3111 quae
1568 3037 1638 3093 iis
1694 3038 1856 3095 necis
1900 3039 2078 3095 causa
2133 3040 2282 3098 datae

451 3143 618 3190 erant
646 3151 679 3188 a
706 3132 1061 3203 consulibus,
1092 3132 1408 3207 desperatis
1431 3133 1622 3202 rebuS,
1656 3132 1715 3189 in
1744 3133 1981 3190 exilium
2028 3134 2284 3210 proficis-

452 3239 739 3285 cerentur.
823 3227 1077 3299 AtticuS‚
1101 3227 1197 3302 qui
1220 3215 1530 3302 pecuniam
1555 3228 1723 3284 simul
1748 3247 1882 3285 cum
1901 3230 2126 3286 caeteris
2149 3249 2286 3289 con·

332 3322 416 3384 80
455 3322 602 3381 ferre
616 3322 878 3380 noluerat
897 3321 1122 3379 florenti
1146 3322 1226 3378 illi
1245 3322 1415 3397 parti,
1438 3323 1666 3397 abjecto
1684 3324 1864 3382 Bruto
1886 3323 2171 3399 Italiaque
2191 3344 2288 3382 ce-

454 3415 616 3475 denti
638 3416 1026 3474 sestertiorum
1052 3429 1287 3475 centum
1320 3418 1503 3474 millia
1549 3420 1772 3476 muneri
1818 3419 1990 3477 misit.
2075 3420 2286 3478 Eidem

454 3511 515 3571 in
544 3511 723 3588 Epiro
752 3512 961 3569 absens
1004 3524 1264 3570 trecenta
1298 3513 1470 3587 jussit
1519 3515 1680 3570 dari:
1746 3534 1933 3590 neque
1962 3513 2051 3572 ,eo
2101 3516 2290 3592 magis

451 3608 673 3696 potenti
703 3608 967 3665 adulatus
996 3620 1083 3665 est
1112 3608 1393 3680 Antonio,
1425 3628 1612 3682 neque
1661 3612 1991 3686 desperatos
2038 3611 2286 3687 reliquit.
