2619 4349
362 430 443 487 54
1180 437 1547 487 DATAMES.

479 595 966 654 est.-—Timothei
997 606 1189 652 autem
1212 595 1523 653 moderatae
1563 594 1953 670 sapientisque
1975 595 2105 653 vitae
2128 612 2306 670 quum

475 691 748 766 pleraque
816 690 1103 767 possimus
1170 691 1426 766 proferre
1495 689 1846 762 testimonia,
1902 708 2020 747 uno
2090 690 2308 749 erimus

476 786 757 859 contenti,
787 784 942 862 quod
971 805 1041 842 ex
1071 805 1142 843 eo
1172 782 1343 842 facile
1382 784 1597 860 conjici
1644 784 1873 861 poterit,
1917 782 2092 860 quam
2136 803 2309 843 carus

475 880 596 939 suis
624 882 811 940 suerit.
894 882 1101 942 Quum
1130 879 1384 938 Athenis
1428 880 1895 937 adolescentulus
1942 898 2180 937 causam
2222 880 2308 936 di·

393 978 434 1034 5
473 988 652 1050 ceret,
708 996 826 1034 non
880 975 1066 1035 solum
1123 975 1295 1033 amici
1358 975 1678 1051 privatique
1733 974 1987 1050 hospites
2042 975 2112 1031 ad
2169 992 2302 1032 eum

473 1071 906 1134 defendendum
935 1082 1354 1143 convenerunt,
1403 1070 1505 1127 sed
1543 1070 1717 1127 etiam
1768 1069 1829 1126 in
1872 1069 1959 1126 eis
2002 1068 2182 1126 Jason
2220 1082 2304 1145 ty·

472 1187 712 1241 rannus,
769 1168 867 1243 qui
921 1167 1019 1225 illo
1067 1179 1325 1242 tempore
1382 1166 1489 1224 fuit
1540 1166 1797 1223 omnium
1848 1164 2300 1240 potentissimus.

473 1260 613 1334 Hic,
644 1282 820 1338 quum
854 1262 911 1318 in
940 1262 1128 1337 patria
1157 1262 1282 1319 sine
1313 1261 1657 1319 satellitibus
1686 1280 1747 1318 se
1775 1271 1963 1318 tutum
2006 1280 2124 1318 non
2155 1260 2303 1318 arbi-

471 1367 737 1428 traretur,
764 1356 1029 1414 Athenas
1058 1356 1183 1412 sine
1213 1356 1331 1414 ullo
1358 1355 1627 1430 praesidio
1657 1355 1836 1428 venit,
1871 1355 2131 1430 tantique
2171 1357 2327 1413 hos-'

362 1451 432 1509 10
470 1449 647 1526 pitem
681 1450 837 1522 fecit,
867 1461 931 1508 ut
959 1451 1158 1508 mallet
1187 1470 1248 1507 se
1277 1451 1486 1526 capitis
1526 1451 1848 1526 periculum
1900 1451 2079 1522 adire,
2123 1448 2298 1525 quam

472 1544 785 1602 Timotheo
824 1546 896 1602 de
943 1545 1094 1602 samii
1134 1544 1436 1603 dimicanti
1487 1547 1707 1603 deesse.
1793 1546 1972 1603 Hunc
2023 1544 2299 1604 adversus

471 1652 666 1698 tamen
722 1639 1071 1698 Timotheus
1118 1652 1319 1716 postea
1364 1641 1562 1716 populi
1600 1641 1766 1715 jussu
1826 1641 2041 1698 bellum
2095 1642 2295 1716 gessit,

469 1734 782 1811 patriaeque
837 1734 1128 1792 sanctiora
1181 1734 1333 1810 jura,
1389 1734 1562 1810 quarn
1619 1735 1870 1811 hospitii,
1926 1756 2053 1793 esse
2108 1735 2292 1794 duxit.

470 1829 619 1886 Haec
673 1841 932 1888 extrema
986 1831 1095 1888 fuit
1148 1841 1286 1888 aetas
1342 1830 1751 1905 imperatorum
1816 1831 2290 1905 Atheniensium,

357 1924 431 1982 15
471 1923 801 2000 Iphicratis,
858 1924 1150 1997 Chabriae,
1207 1924 1552 1982 Timothei:
1621 1945 1811 2000 neque
1877 1938 2006 2001 post
2070 1927 2297 1986 illorum

468 2019 690 2077 obitum
713 2019 1014 2094 quisquam
1044 2019 1162 2076 dux
1191 2019 1250 2077 in
1296 2019 1395 2076 illa
1424 2020 1566 2077 urbe
1597 2019 1703 2078 fuit
1742 2020 1954 2096 dignus
1996 2023 2294 2081 memoria.

970 2347 1140 2430 XIV,
1224 2347 1796 2409 DATAMES.

546 2501 596 2560 1.
679 2503 872 2563 Venio
916 2525 1076 2563 nunc
1132 2505 1204 2562 ad
1261 2505 1635 2565 fortissimum
1691 2509 1895 2582 virum,
1944 2510 2294 2586 maximique

469 2598 718 2673 consilii,
748 2600 1005 2659 omnium
1036 2601 1446 2659 barbarorum:
1490 2604 1748 2680 exceptis
1791 2604 2016 2662 duobus
2053 2605 2296 2663 Cartha-

468 2693 852 2769 giniensibus,
908 2695 1246 2753 Hamilcare
1302 2709 1362 2755 et
1416 2697 1771 2755 Hannibale.
1872 2698 1963 2755 De
2012 2719 2125 2774 quo
2179 2698 2294 2757 hoc

348 2789 429 2847 20
467 2789 634 2866 plura
680 2792 1015 2863 referemuS,
1072 2789 1226 2866 quod
1281 2801 1340 2848 et
1391 2792 1726 2849 obscuriora
1780 2804 1913 2849 sunt
1960 2793 2086 2867 ejus
2129 2804 2296 2869 gesta

465 2885 759 2961 pleraque,
789 2897 848 2944 et
875 2906 965 2959 ea,
995 2905 1121 2961 quae
1149 2884 1421 2962 prospere
1452 2886 1505 2942 ei
1551 2897 1869 2957 cesserunt,
1909 2906 2024 2944 non
2070 2888 2294 2963 magni-

467 2980 669 3038 tudine
699 2981 1016 3056 copiarum,
1045 2982 1148 3038 sed
1195 2981 1446 3053 consilii,
1496 2999 1608 3056 quo
1655 2978 1883 3038 tantum
1931 3001 2049 3038 non
2090 3001 2297 3041 omnes

467 3076 794 3152 superabat,
827 3077 1202 3134 acciderunt:
1246 3095 1487 3151 quorum
1537 3065 1660 3131 nisi>
1693 3075 1837 3132 ratio
1859 3075 2145 3150 explicata
2174 3077 2297 3133 fue·

465 3170 559 3243 rit,
589 3190 681 3227 res
711 3190 982 3246 apparere
1011 3191 1128 3228 non
1156 3181 1443 3246 poterunt.
1529 3168 1813 3225 Datames
1860 3181 2020 3244 patre
2069 3170 2295 3229 Camis-

339 3266 427 3325 25
467 3284 616 3337 sare,
671 3264 906 3323 natione
963 3265 1136 3336 Care,
1191 3275 1373 3321 matre
1431 3263 1731 3337 Scythissa
1794 3275 1986 3336 natus,
2040 3263 2294 3339 primum

459 3359 713 3417 militum
743 3379 986 3416 numero
1015 3358 1119 3416 fuit
1141 3358 1291 3434 apud
1313 3358 1693 3415 Artaxerxem
1718 3378 1937 3431 eorum,
1957 3359 2053 3434 qui
2073 3360 2292 3435 regiam

457 3455 796 3515 tuebantur.
881 3453 1054 3512 Pater
1081 3454 1207 3530 ejus
1236 3454 1615 3528 Camissares,
1646 3454 1800 3530 quod
1829 3467 1887 3513 et
1915 3475 2091 3512 manu
2131 3456 2293 3514 fortis

458 3562 528 3609 <et
544 3550 696 3609 bello
713 3561 982 3608 strenuus
1011 3562 1069 3608 et
1092 3550 1249 3626 Regi
1271 3548 1468 3607 multis
1490 3549 1634 3608 locis
1657 3551 1842 3608 fidelis
1864 3561 1987 3608 erat
2010 3561 2290 3631 repertus,

384 3679 395 3686 ·
461 3644 671 3703 habuit
697 3644 1052 3723 provinciam
1082 3658 1304 3722 partem
1350 3644 1576 3702 Cilioiae
1619 3645 1787 3721 juxta
1836 3646 2289 3723 Cappadociam,
