2619 4349
990 330 1531 397 EPAMINONDAs.
2214 338 2296 396 63

342 497 621 556 memoria
662 509 864 568 erunt3
906 498 1197 574 postremo
1239 500 1313 557 de
1355 501 1528 558 rebus
1556 500 1755 576 gestis,
1786 520 1912 577 quae
1943 521 1977 558 a
2002 502 2177 578 pluri-

340 593 450 650 mis
477 593 735 651 omnium
768 606 1195 670 anteponuntur
1222 595 1546 654 virtutibus

420 688 501 745 11.
586 688 778 746 Natus
808 689 981 765 igitur
1008 692 1191 765 patre,
1221 711 1335 766 quo
1364 691 1636 763 diximuS,
1666 692 1909 749 honesto
1937 711 2172 767 genere,

338 801 557 858 pauper
579 783 699 858 jam
731 802 764 839 a
791 783 1104 859 majoribus
1142 785 1378 843 relictus
1402 806 1417 856 ;
1461 787 1721 843 eruditus
1752 797 1944 843 autem
1974 786 2079 858 sic,
2111 798 2174 844 ut

339 896 511 935 nemo
539 877 863 935 Thebanus
891 879 1092 954 magis
1177 879 1334 937 Nam
1362 892 1422 939 et
1450 881 1820 953 citharizare,
1849 892 1908 938 et
1936 894 2171 939 cantare
2211 884 2253 939 5

340 973 413 1029 ad
454 973 799 1029 chordarum
842 991 1046 1031 sonum
1089 975 1295 1032 doctus
1352 988 1439 1033 est
1483 995 1516 1032 a
1557 976 1859 1051 Dionysio,
1902 977 2000 1051 qui
2056 996 2172 1034 non

339 1066 561 1124 minore
586 1068 693 1125 fuit
716 1067 775 1125 in
804 1068 1043 1125 musicis
1065 1068 1269 1143 gloria,
1293 1068 1467 1144 quam
1491 1071 1720 1128 Damon
1747 1083 1844 1128 aut
1867 1071 2171 1147 Lamprus,

337 1182 579 1238 quorum
606 1163 942 1238 pervulgata
965 1175 1100 1221 sunt
1122 1164 1393 1221 nomina:
1439 1178 1674 1223 cantare
1697 1165 1853 1223 tibiis
1879 1166 1950 1222 ab
1973 1166 2172 1241 Olym-

337 1257 594 1333 piodoro,
629 1258 839 1315 saltare
869 1278 902 1314 a
929 1258 1322 1333 Calliphrone.
1408 1260 1490 1317 At
1517 1260 1892 1335 philosophiae
1920 1280 2173 1337 praecep-

339 1364 521 1411 torem
562 1352 764 1410 habuit
804 1353 1003 1427 Lysim
1045 1353 1456 1428 Tarentinum,
1499 1355 1947 1431 Pythagoreum.
2053 1357 2168 1413 Cui
2215 1358 2290 1415 10

337 1447 572 1522 quidem
601 1446 687 1504 sic
717 1447 825 1504 fuit
852 1447 1102 1520 dedituS,
1127 1459 1192 1506 ut
1220 1450 1560 1507 adolescens
1583 1450 1803 1508 tristem
1828 1463 1885 1509 et
1908 1471 2169 1509 severum

337 1562 540 1599 senem
569 1542 838 1601 omnibus
868 1544 1183 1618 aequalibus
1212 1544 1333 1601 suis
1374 1544 1433 1601 in
1478 1545 1865 1604 familiaritate
1910 1558 2171 1623 antepos-

338 1638 520 1707 uerit;
588 1658 775 1713 neque
816 1636 976 1713 prius
1017 1658 1150 1696 eum
1188 1659 1229 1696 *a
1270 1658 1332 1696 se
1374 1640 1676 1713 dimiserit,
1719 1639 1892 1715 quam
1935 1641 1995 1698 in
2036 1643 2170 1698 doc-

338 1733 506 1791 trinis
536 1732 697 1790 tanto
730 1734 1106 1792 antecesserit
1128 1735 1584 1810 condiscipuIOS‚
1616 1747 1678 1794 ut
1708 1735 1878 1793 facile
1923 1736 2168 1812 intelligi

335 1840 549 1904 posset,
577 1828 702 1904 pari
731 1829 901 1887 modo
930 1841 1333 1905 superaturum
1360 1849 1561 1888 omnes
1589 1830 1649 1887 in
1676 1832 1901 1889 caeteris
1931 1833 2165 1889 artibus.
2212 1833 2287 1890 15

342 1924 537 1998 Atque
581 1925 707 1981 haec
750 1925 819 1980 ad
877 1937 1132 1982 nostram
1174 1925 1656 1982 consuetudinem
1713 1936 1848 1982 sunt
1899 1925 2067 1999 levia,
2110 1938 2169 1984 et

338 2017 534 2095 potius
575 2021 1005 2077 contemnenda
1028 2040 1042 2089 3
1089 2031 1146 2078 at
1188 2019 1246 2075 in
1275 2020 1507 2077 Graecia
1548 2017 1745 2095 utique
1773 2020 1909 2078 olim
1941 2040 2166 2096 magnae

336 2114 496 2172 laudi
537 2127 719 2174 erant.
801 2115 1115 2191 Postquam
1142 2116 1403 2192 ephebus
1435 2117 1625 2174 factus
1654 2128 1761 2190 est,
1791 2127 1849 2174 et
1888 2116 2165 2193 palaestrae

333 2211 475 2268 dare
497 2231 730 2287 operam
754 2211 927 2288 coepit
947 2232 961 2281 3
996 2232 1112 2270 non
1136 2223 1254 2270 tam
1276 2211 1665 2289 magnitudini
1689 2213 1894 2271 virium
1915 2212 2165 2285 servivit,

334 2304 510 2382 quam
533 2306 840 2365 velocitati.
924 2306 1094 2365 Illam
1121 2307 1280 2365 enim
1309 2309 1381 2365 ad
1420 2308 1764 2366 athletarum
1793 2328 1983 2382 usum,
2013 2310 2166 2367 hanc
2205 2310 2286 2368 20

337 2403 411 2460 ad
441 2403 576 2460 belli
617 2402 984 2462 existimabat
1023 2404 1333 2463 utilitatem
1372 2402 1680 2479 pertinere.
1763 2404 1968 2479 Itaque
2010 2424 2170 2463 exer-

333 2499 577 2557 cebatur
616 2498 929 2575 plurimum
959 2500 1266 2572 currendo,
1295 2510 1356 2557 et
1396 2499 1673 2557 luctando
1702 2500 1772 2555 ad
1806 2519 1939 2556 eum
1969 2500 2165 2570 finem,

336 2595 524 2669 quoad
579 2607 740 2653 stans
794 2594 1102 2670 complecti
1156 2606 1371 2671 posset,
1413 2605 1582 2669 atque
1638 2595 2008 2653 contendere.
2093 2595 2166 2651 In

336 2690 512 2747 armis
538 2690 848 2766 plurimum
877 2690 1053 2748 studii
1082 2690 1480 2748 consumebat.

417 2784 532 2842 ΙΙΙ.
597 2786 692 2842 Ad
715 2785 868 2842 hanc
891 2786 1146 2861 corporis
1169 2785 1498 2844 firmitatem
1521 2783 1769 2860 plurima
1790 2784 1965 2841 etiam
1987 2783 2165 2841 animi
2203 2784 2283 2841 25

338 2880 491 2937 bona
532 2893 914 2939 accesserant.
998 2882 1143 2940 Erat
1182 2881 1340 2939 enim
1380 2881 1695 2952 modestus,
1723 2881 1999 2954 prudenS,
2037 2899 2165 2954 gra-

338 2975 443 3047 vis,
466 2976 817 3051 temporibus
839 2976 1129 3053 sapienter
1151 2988 1344 3048 utenS,
1367 2976 1585 3053 peritus
1602 2975 1759 3045 belli,
1786 2974 1944 3031 fortis
1965 2993 2162 3045 manu,

339 3071 531 3128 animo
562 3071 851 3141 maxim03
897 3070 1043 3128 adeo
1074 3070 1331 3129 veritatis
1371 3069 1640 3145 diligens,
1671 3078 1733 3125 ut
1774 3086 1848 3123 ne
1885 3066 2018 3141 joco
2045 3066 2168 3141 qui-

333 3165 469 3222 dem
510 3165 867 3224 mentiretur.
951 3167 1117 3224 Idem
1159 3166 1488 3238 continens,
1518 3164 1795 3241 clemens,
1824 3161 2164 3239 patiensque

336 3261 739 3318 admirandum
781 3260 841 3318 in
882 3263 1137 3335 modum,
1180 3282 1296 3320 non
1352 3257 1538 3320 solum
1585 3259 1802 3334 populi,
1845 3259 1946 3316 sed
1988 3258 2163 3316 etiam
2203 3258 2283 3317 30

338 3356 652 3413 amicorum
674 3357 866 3414 ferens
883 3356 1154 3433 injurias3
1186 3356 1579 3433 imprimisque
1603 3354 1913 3412 commissa
1929 3355 2161 3411 celans:

335 3452 488 3526 quod
517 3450 806 3509 interdum
833 3471 951 3510 non
979 3450 1172 3510 minus
1199 3453 1452 3529 prodest,
1481 3448 1654 3526 quam
1685 3448 1897 3508 diserte
1928 3450 2123 3505 dicere
2147 3468 2161 3518 ;

336 3546 626 3605 studiosus
655 3548 930 3605 audiendi
954 3569 969 3620 ;
1018 3568 1091 3606 ex
1118 3550 1230 3607 hoc
1259 3547 1417 3605 enim
1447 3544 1721 3605 facillime
1751 3545 1898 3604 disci
1929 3545 2165 3602 arbitra-
