2619 4349
369 418 447 475 86
1219 424 1577 476 EUMENES.

481 584 769 642 exercitus
796 584 852 642 ei
881 596 966 643 ter
996 583 1153 658 ante,
1198 584 1479 661 separatis
1522 584 1896 661 temporibus,
1933 583 2205 661 jurasset,
2244 601 2307 643 se

480 696 614 736 eum
644 680 1040 752 defensurum,
1069 698 1182 737 nec
1222 698 1479 755 unquam
1518 680 1898 738 deserturum.
1984 681 2102 737 Sed
2147 692 2309 740 tanta

485 774 592 832 fuit
620 776 1028 841 nonnullorum
1071 774 1297 832 virtutis
1323 774 1687 846 obtrectatio,
1717 785 1781 832 ut
1828 774 2001 831 fidem
2048 775 2310 833 amittere

479 871 736 943 mallent,
765 868 938 946 quam
966 889 1100 927 eum
1128 888 1247 928 non
1273 869 1534 945 prodere.
1619 869 1815 944 Atque
1860 870 2018 926 hunc
2063 869 2311 946 Antigo-

397 966 437 1022 5
478 984 608 1038 nus,
637 985 813 1041 quum
839 965 897 1023 ei
926 965 1129 1024 fuisset
1167 964 1596 1038 infestissimus,
1645 965 2064 1037 conservasset,
2110 965 2159 1022 si
2206 985 2309 1041 per

477 1080 609 1119 suos
637 1072 789 1118 esset
816 1060 1059 1133 licitum,
1088 1057 1244 1135 quod
1268 1060 1342 1116 ab
1368 1060 1527 1118 nullo
1556 1077 1618 1116 se
1661 1057 1794 1135 plus
1838 1059 2097 1135 adjuvari
2139 1079 2309 1135 posse

480 1155 840 1232 intelligebat
869 1156 929 1212 in
959 1155 1049 1212 his
1089 1156 1282 1228 rebuS,
1312 1173 1456 1230 quas
1484 1154 1819 1230 impendere
1842 1153 1962 1230 jam
1998 1155 2310 1229 apparebat

476 1251 761 1308 omnibus.
872 1250 1266 1308 Imminebant
1319 1249 1478 1307 enim
1544 1250 1847 1323 Seleucus,
1907 1248 2309 1324 Lysimachus,

477 1346 842 1417 PtolemaeuS,
897 1345 1103 1421 opibus
1152 1346 1271 1420 jam
1328 1345 1622 1415 valentes;
1678 1362 1814 1401 cum
1867 1343 2077 1419 quibus
2131 1344 2187 1401 ei
2236 1344 2311 1400 de

365 1442 437 1497 10
479 1440 718 1497 summis
746 1440 919 1497 rebus
943 1451 1066 1497 erat
1088 1440 1502 1497 dimicandum.
1588 1439 1707 1496 Sed
1736 1458 1854 1497 non
1884 1438 2039 1515 passi
2081 1450 2217 1497 sunt
2245 1440 2308 1497 hi

477 1535 575 1610 qui
604 1533 761 1592 circa
790 1546 988 1603 erant3
1031 1532 1187 1609 quod
1216 1534 1511 1607 videbant,
1542 1534 1809 1593 Eumene
1832 1546 2085 1610 recept0,
2104 1554 2312 1593 omnes

480 1648 594 1705 prae
626 1629 723 1688 illo
750 1629 910 1705 parvi
942 1631 1180 1687 futuros.
1265 1629 1400 1706 Ipse
1431 1642 1624 1689 autem
1655 1630 1989 1706 Antigonus
2012 1628 2159 1688 adeo
2188 1642 2312 1688 erat

477 1725 770 1795 incensus,
802 1735 865 1781 ut
894 1724 1007 1781 nisi
1055 1725 1269 1800 magna
1322 1745 1423 1800 spe
1467 1721 1851 1782 maximarum
1895 1744 2090 1783 rerum
2137 1723 2310 1782 leniri

487 1839 602 1877 non
631 1830 843 1894 posset.

364 1916 438 1971 15
557 1913 669 1970 XI.
753 1913 959 1988 Itaque
980 1932 1157 1987 quum
1181 1931 1315 1970 eum
1345 1912 1405 1969 in
1435 1912 1758 1970 custodiam
1785 1912 2060 1985 dedisset,
2089 1923 2150 1970 et
2169 1931 2304 1988 prae·

479 2009 664 2066 fectus
682 2008 988 2064 custodum
1011 2007 1332 2082 quaesisset,
1355 2008 1840 2083 quemadmodum
1857 2004 2070 2064 serv'ari
2093 2007 2265 2066 vellet
2287 2009 2311 2064 'l

475 2111 540 2160 ut
588 2102 943 2173 acerrimum,
980 2101 1187 2177 inquit,
1217 2103 1421 2159 leonem
1460 2110 1562 2158 aut
1592 2099 2019 2177 ferocissimum
2054 2102 2314 2179 elephan-

477 2208 610 2255 tum.
697 2197 976 2255 Nondum
1004 2197 1162 2254 enim
1191 2208 1489 2269 statuerat,
1519 2208 1886 2254 conservaret
1907 2216 2064 2269 eum,
2101 2216 2309 2255 necne.

476 2291 768 2349 Veniebat
812 2303 1006 2349 autem
1053 2292 1125 2348 ad
1174 2291 1500 2348 Eumenem
1546 2302 1852 2365 utrumque
1901 2310 2089 2367 genus
2133 2291 2315 2349 homi·

342 2388 437 2460 021)
477 2406 646 2457 num3
690 2397 750 2445 et
775 2386 875 2462 qui
900 2397 1131 2462 propter
1158 2384 1358 2444 odium
1382 2386 1633 2443 fructum
1660 2386 1846 2443 oculis
1888 2405 1962 2442 ex
2006 2386 2134 2461 ejus
2172 2404 2314 2443 casu

476 2501 682 2559 capere
710 2483 942 2553 vellent,
972 2492 1030 2539 et
1057 2480 1155 2556 qui
1184 2492 1417 2557 propter
1441 2491 1693 2539 veterem
1723 2480 2036 2538 amicitiam
2062 2480 2313 2555 colloqui

476 2576 874 2653 consolarique
917 2588 1237 2653 cuperent3
1296 2575 1463 2634 multi
1507 2575 1705 2648 etiam,
1748 2576 1848 2651 qui
1895 2575 2022 2651 ejus
2067 2576 2308 2634 formam

477 2691 832 2747 cognoscere
861 2671 1192 2743 studebant,
1221 2670 1408 2747 qualis
1425 2681 1599 2743 esset,
1628 2690 1801 2746 quem
1828 2670 2049 2728 tamdiu
2071 2683 2305 2747 tamque

477 2766 642 2822 valde
671 2765 1020 2837 timuissent,
1050 2765 1219 2841 cujus
1248 2765 1308 2822 in
1330 2765 1591 2841 pernicie
1627 2765 1872 2841 positam
1923 2785 2083 2841 spem
2129 2767 2313 2824 habu·

355 2861 438 2919 25
476 2859 657 2918 issent
683 2858 985 2936 victorias.-
1038 2860 1122 2917 At
1150 2858 1468 2933 Eumenes,
1490 2879 1675 2936 quum
1697 2858 1919 2918 diutius
1955 2859 2013 2917 in
2061 2860 2313 2918 vinculis

475 2967 648 3029 esset,
680 2954 758 3013 ait
786 2954 1183 3029 Onomarcho,
1211 2974 1394 3031 penes
1420 2975 1593 3032 quem
1639 2975 1864 3013 summa
1914 2955 2144 3032 imperii
2185 2968 2315 3015 erat

476 3050 776 3124 custodiae,
805 3071 862 3109 se
888 3052 1115 3124 mirari,
1145 3070 1325 3128 quare
1350 3050 1485 3127 jam
1529 3052 1760 3109 tertium
1802 3052 1948 3108 diem
1989 3052 2073 3107 sic
2101 3060 2316 3109 tenere-

476 3156 610 3205 tur.-
651 3165 763 3203 non
791 3147 936 3203 enim
963 3146 1066 3203 hoc
1093 3147 1390 3204 convenire
1418 3145 1714 3221 Antigoni
1745 3146 2096 3222 prudentiae,
2135 3153 2200 3202 ut
2227 3146 2315 3203 sic

475 3242 800 3299 deuteretur
846 3242 1040 3306 victo,·
1083 3242 1224 3317 quin
1280 3249 1384 3298 aut
1431 3241 1703 3317 interfici,
1757 3250 1860 3298 aut
1907 3242 2134 3298 missum
2163 3240 2319 3317 fieri

355 3333 436 3396 30
453 3334 704 3412 juberet.
789 3335 908 3393 Hic
935 3354 1112 3410 quum
1142 3334 1395 3393 ferocius
1422 3334 1801 3395 Onomarcho
1819 3336 1976 3411 loqui
1994 3336 2316 3409 videretur,

483 3430 654 3499 Quid
666 3433 693 3486 ,⁷
735 3438 820 3502 tu,
850 3429 1057 3505 inquit,
1087 3430 1276 3488 animo
1305 3431 1359 3488 si
1381 3432 1493 3488 isto
1522 3450 1672 3503 eras,
1703 3451 1806 3489 cur
1848 3450 1960 3487 non
2008 3431 2070 3487 in
2099 3431 2319 3507 proelio

478 3525 738 3585 cecidisti
778 3522 1008 3601 potitis,
1058 3523 1230 3601 qudam
1284 3526 1346 3582 in
1377 3533 1721 3601 potestatem
1757 3525 1980 3582 inimici
2042 3524 2261 3582 venires
2283 3528 2318 3581 2

478 3621 641 3681 Huic
669 3621 987 3694 Eumenes,
1028 3620 1265 3679 Utinam
1293 3620 1518 3697 quidem
1540 3621 1705 3678 istud
1736 3620 2049 3679 evenisset!
2093 3620 2317 3697 inquit,¹
