2619 4349
363 407 477 466 120
965 416 1025 465 T.
1061 416 1466 466 POMPONIUS
1502 415 1829 466 ATTICUS.

478 577 691 648 villam,
721 595 908 651 neque
938 575 998 632 in
1028 575 1219 648 Italia,
1271 587 1476 651 praeter
1516 573 1902 632 Ardeatinum
1947 584 2005 632 et
2047 573 2307 630 Nomen-

477 684 698 744 tanum,
762 671 1042 729 rusticum
1117 670 1437 745 praedium:
1501 669 1802 744 omnisque
1857 669 1983 744 ejus
2037 667 2306 745 pecuniae

479 767 697 823 reditus
726 765 1027 823 constabat
1050 763 1109 821 in
1140 764 1452 839 Epiroticis
1480 776 1538 821 et
1565 763 1802 821 urbanis
1824 764 2302 840 possessionibus,

477 859 569 916 Ex
596 879 709 935 quo
736 859 1011 936 cognosci
1038 870 1244 934 potest,
1274 878 1409 915 eum
1440 878 1611 915 usum
1651 858 1937 933 pecuniae,
1982 878 2099 917 non
2147 877 2306 935 mag-

397 956 437 1013 5
476 955 762 1028 nitudine‚
792 955 894 1012 sed
922 953 1165 1025 ratione,
1198 952 1389 1010 metiri
1417 953 1665 1010 solitum.

555 1049 690 1107 XV.
775 1049 1153 1107 Mendacium
1181 1067 1370 1124 neque
1399 1046 1651 1120 dicebat,
1680 1066 1868 1122 neque
1896 1047 2015 1123 pati
2061 1058 2303 1123 poterat.

465 1144 667 1219 Itaque
694 1144 820 1221 ejus
848 1144 1089 1203 comitas
1116 1163 1232 1201 non
1277 1143 1404 1200 sine
1433 1142 1734 1200 severitate
1762 1153 1905 1208 erat,
1944 1161 2133 1217 neque
2176 1162 2306 1218 gra-

478 1240 622 1297 vitas
650 1241 775 1297 sine
805 1239 1100 1312 facilitate,
1151 1250 1212 1296 ut
1260 1236 1494 1296 difficile
1547 1248 1701 1294 esset
1745 1237 2062 1307 intellectu,
2109 1235 2304 1295 utrum

477 1355 611 1391 eum
642 1335 813 1392 amici
862 1334 1048 1409 magis
1103 1344 1456 1404 vererentur,
1513 1351 1588 1389 an
1634 1342 1912 1389 amarent.
1994 1331 2303 1406 Quidquid

369 1429 438 1485 10
478 1429 804 1504 rogabatur,
861 1425 1127 1503 religiose
1181 1427 1588 1502 promittebat;
1651 1425 1806 1500 quod
1856 1445 1973 1485 non
2027 1426 2302 1500 liberaliS,

479 1524 580 1580 sed
635 1522 796 1595 levis,
823 1528 826 1531 '
853 1522 1252 1594 arbitrabatur,
1305 1520 1567 1598 polliceri
1635 1521 1785 1597 quod
1859 1531 2130 1596 praestare
2184 1542 2302 1580 non

476 1628 683 1694 posset.
769 1616 934 1674 Idem
984 1617 1044 1673 in
1092 1616 1333 1675 nitendo
1379 1616 1531 1692 quod
1572 1616 1749 1672 semel
1795 1615 2112 1689 annuisset,
2140 1617 2304 1675 tanta

477 1724 599 1769 erat
627 1711 787 1784 cura,
836 1723 901 1770 ut
942 1730 1059 1768 non
1115 1712 1447 1770 mandatam
1498 1712 1598 1768 sed
1644 1729 1809 1768 suam
1852 1729 1975 1768 rem
2015 1712 2302 1772 videretur

479 1826 666 1883 agere.
749 1804 1065 1882 Nunquam
1110 1806 1364 1882 suscepti
1405 1805 1625 1882 negotii
1666 1825 1799 1863 eum
1842 1817 2151 1882 pertaesum
2195 1819 2301 1866 est.

366 1904 438 1960 15
481 1903 658 1958 Suam
688 1901 846 1959 enim
874 1900 1360 1959 existimationem
1404 1900 1464 1958 in
1508 1900 1579 1958 ea
1622 1920 1685 1958 re
1736 1901 1831 1976 agi
1873 1901 2144 1976 putabat3
2188 1902 2303 1977 qua

477 1996 619 2053 nihil
651 1997 902 2054 habebat
928 1995 1138 2053 carius,
1221 1995 1363 2057 Quo
1391 1995 1585 2068 fiebat,
1615 2007 1680 2054 ut
1698 1995 1897 2053 omnia
1924 1995 2300 2070 Ciceronum,

479 2091 742 2164 CatoniS,
799 2089 996 2163 Marii,
1055 2089 1377 2162 Hortensii,
1434 2090 1575 2147 Auli
1629 2089 1934 2166 Torquati,
1991 2091 2302 2150 multorum

477 2199 757 2262 p‘raeterea
783 2186 1040 2262 equitum
1070 2185 1472 2244 Romanorum
1499 2186 1734 2262 negotia
1775 2198 2126 2261 procuraret.
2212 2188 2302 2246 Ex

475 2301 587 2355 quo
636 2279 886 2355 judicari
937 2291 1180 2356 poterat,
1230 2300 1348 2339 non
1404 2279 1612 2339 inertia
1660 2281 1762 2339 sed
1812 2281 2036 2357 judicio
2084 2282 2302 2359 fugisse

357 2377 437 2435 20
477 2375 807 2451 reipublicae
833 2376 1314 2451 procurationem.

552 2470 722 2528 XVI.
808 2469 1202 2532 Humanitatis
1230 2468 1366 2528 vero
1395 2471 1617 2529 nullum
1669 2471 1872 2530 afferre
1916 2490 2103 2548 majus
2146 2473 2304 2532 testi-

473 2564 731 2623 monium
786 2584 1038 2641 possum,
1094 2561 1265 2640 quam
1321 2563 1477 2641 quod
1550 2566 1888 2624 adolescens
1964 2566 2118 2624 idem
2173 2570 2302 2626 seni

475 2660 650 2717 Sullae
680 2659 851 2717 fuerit
866 2658 1346 2735 jucundissimus,
1370 2679 1549 2717 senex
1578 2660 1933 2719 adolescenti
1962 2660 2046 2718 M.
2077 2663 2261 2721 Bruto
2284 2684 2299 2734 ;

474 2772 608 2811 cum
637 2753 952 2830 aequalibus
981 2765 1172 2811 autem
1214 2754 1354 2827 suiS,
1401 2755 1483 2815 Q.
1534 2754 1849 2814 Hortensio
1895 2768 1954 2815 et
2001 2754 2085 2813 M.
2132 2756 2306 2816 Cice·

355 2850 435 2907 25
474 2867 635 2921 rone,
666 2848 751 2905 sic
780 2847 1003 2921 vixerit,
1034 2860 1098 2905 ut
1120 2848 1386 2925 judicare
1414 2849 1650 2906 difficile
1679 2849 1772 2923 sit,
1802 2849 1899 2907 cui
1946 2850 2100 2909 aetati
2129 2852 2303 2909 fuerit

475 2942 821 3018 aptissimus
903 2941 1259 3019 Quanquam
1302 2963 1436 3000 eum
1484 2943 1776 3020 praecipue
1824 2944 2026 3004 dilexit
2068 2946 2301 3020 Cicer0,

475 3049 538 3097 ut
566 3057 641 3095 ne
670 3039 842 3098 frater
870 3038 1103 3114 quidem
1132 3038 1187 3095 ei
1208 3037 1474 3101 Quintus
1502 3038 1688 3097 carior
1718 3038 1891 3096 fuerit
1920 3051 2019 3097 aut
2060 3040 2302 3099 familia-

472 3132 603 3191 rior.
688 3132 763 3190 Ei
791 3133 873 3192 rei
898 3144 1031 3191 sunt
1061 3132 1301 3205 indicio,
1330 3145 1536 3209 praeter
1565 3152 1665 3192 eos
1691 3133 1868 3193 libros
1902 3134 1962 3192 in
1990 3135 2200 3210 quibus
2227 3138 2301 3195 de

472 3246 544 3285 eo
568 3228 705 3286 facit
730 3228 1109 3299 mentionem,
1138 3227 1234 3303 qui
1264 3228 1326 3284 in
1354 3229 1568 3304 vulgus,
1608 3240 1743 3286 sunt
1796 3229 1959 3303 editi,
2003 3231 2301 3289 sexdecim

354 3323 433 3381 30
473 3322 766 3380 volumina
785 3323 1177 3406 epistolarum,
1208 3323 1281 3379 ab
1308 3324 1613 3380 consulatu
1641 3323 1769 3399 ejus
1792 3343 1973 3400 usque
2002 3327 2071 3382 ad
2115 3338 2302 3388 extre-

472 3436 630 3474 mum
659 3429 886 3494 tempus
915 3419 987 3476 ad
1019 3418 1282 3476 Atticum
1305 3417 1645 3476 missarum:
1693 3437 1819 3494 quae
1847 3419 1947 3495 qui
1986 3419 2163 3495 legat,
2183 3441 2300 3479 non

472 3510 716 3572 multum
749 3512 1039 3571 desideret
1089 3513 1385 3571 historiam
1431 3524 1762 3571 contextam
1807 3513 2034 3572 illorum
2084 3525 2303 3591 tempo-

472 3626 615 3665 rum.
728 3607 829 3664 Sic
883 3607 1041 3664 enirn
1089 3601 1284 3665 omnia
1342 3610 1413 3665 de
1471 3608 1676 3666 studiis
1743 3607 2091 3685 principum,
2148 3609 2303 3668 vitiis
