2619 4349
967 407 1506 456 EPAMINONDAS.
2193 402 2274 461 65

340 563 512 638 facis,
569 585 670 640 ego
728 573 781 623 te
833 566 1060 623 tradam
1114 567 1508 641 magistratui.
1593 568 1774 626 Hunc
1826 567 2155 627 Diomedon

338 679 512 734 quum
541 674 785 738 rogaret,
813 672 877 719 tu
908 660 1032 719 tuta
1060 663 1229 733 exire,
1257 683 1492 739 suaque,
1521 683 1648 741 φατε
1675 665 1984 737 attulisset,
2027 665 2157 722 lice-

338 763 424 812 ret
466 755 659 832 efferre
681 777 701 811 .·
748 757 938 829 Istud,
968 755 1456 833 inquit,faciam‚·
1498 778 1673 836 neque
1712 758 1817 817 tud
1840 758 2038 832 causei,
2059 759 2163 817 sed

337 849 456 908 mcci
478 871 498 905 .·
546 871 632 924 ne,
661 853 716 908 si
736 852 846 908 tibi
871 853 949 908 sit
958 852 1213 927 pecunia
1240 852 1526 930 adempta,
1556 855 1769 931 aliquis
1795 854 2065 927 dicat,id
2078 854 2163 912 ad

336 965 417 1001 me
444 954 689 1022 ereptam
704 947 1048 1022 pervenisse,
1072 946 1227 1021 quod
1256 946 1503 1004 delatum
1545 949 1802 1026 accipere
1836 951 2151 1008 noluissem.
2193 951 2233 1008 5

338 1039 395 1095 A
447 1059 559 1115 quo
610 1059 785 1116 quum
840 1039 1156 1115 quaesisset,
1211 1038 1324 1115 qua
1366 1061 1424 1099 se
1461 1041 1667 1099 deduci
1709 1044 1892 1117 vellet,
1934 1055 1995 1102 et
2037 1043 2155 1117 ille,

335 1134 616 1208 Athenas,
645 1134 882 1193 dixisset
899 1156 913 1205 ;
956 1133 1287 1210 praesidium
1316 1135 1496 1209 dedit,
1527 1147 1591 1194 ut
1618 1135 1690 1194 eo
1733 1136 1859 1196 tuto
1896 1137 2156 1214 perveni·

337 1240 438 1286 ret.
519 1228 725 1304 Neque
754 1227 887 1286 vero
919 1229 976 1285 id
1006 1226 1144 1286 satis
1173 1229 1395 1304 habuit,
1421 1231 1525 1288 sed
1555 1231 1750 1304 etiam,
1767 1243 1832 1290 ut
1849 1231 2153 1290 inviolatus

335 1324 396 1381 in
425 1343 629 1381 navem
674 1325 1032 1397 ascenderet,
1081 1345 1182 1400 per
1230 1325 1545 1382 Chabriam
1591 1326 2033 1399 Atheniensem,
2078 1328 2151 1385 de

335 1438 446 1492 quo
474 1417 645 1493 supra
675 1419 1024 1477 mentionem
1049 1420 1313 1493 fecimus»,
1332 1420 1543 1479 effecit.
1628 1421 2017 1480 Abstinentiae
2040 1422 2151 1481 erit
2195 1423 2270 1481 lo

335 1513 444 1571 hoc
471 1512 609 1572 satis
635 1513 1044 1572 testimonium.
1129 1514 1386 1572 Plurima
1412 1516 1645 1590 quidem
1672 1516 1927 1592 proferre
1953 1535 2147 1592 posse-

335 1627 494 1678 mus;
555 1609 655 1666 sed
710 1608 915 1666 modus
970 1609 1334 1666 adhibendus
1385 1621 1506 1679 est;
1558 1610 1829 1684 quoniam
1874 1630 1994 1669 uno
2036 1612 2148 1669 hoc

333 1703 618 1761 volumine
646 1703 825 1760 vitam
852 1704 1225 1760 excellentium
1255 1705 1507 1761 virorum
1552 1704 1901 1762 concludere
1933 1704 2148 1764 consti-

332 1796 565 1870 tuimuS,
618 1816 858 1872 quorum
913 1798 1218 1872 separatim
1292 1797 1489 1856 multis
1557 1798 1811 1856 millibus
1880 1818 2147 1858 versuum

330 1893 653 1968 complures
679 1892 986 1968 scriptores
1014 1904 1146 1950 ante
1175 1912 1281 1950 nos
1308 1892 1689 1968 explicarunt.
2191 1895 2266 1951 15

408 1987 481 2044 V.
564 1987 701 2046 Fuit
728 1987 901 2045 etiam
958 1987 1224 2058 disertuS,
1269 1998 1334 2043 ut
1381 2005 1552 2043 nemo
1594 1985 1916 2043 Thebanus
1953 1986 2008 2042 ei
2047 2005 2148 2061 par

328 2092 482 2139 esset
530 2082 892 2157 eloquentia:
936 2100 1122 2156 neque
1161 2079 1355 2137 minus
1399 2079 1721 2137 concinnus
1762 2079 1822 2136 in
1871 2079 2147 2138 brevitate

331 2176 732 2251 respondendi,
761 2176 934 2251 quam
966 2177 1023 2234 in
1067 2176 1345 2252 perpetua
1391 2174 1651 2233 oratione
1692 2187 1944 2233 ornatus
2031 2173 2150 2233 Ha-

333 2271 455 2329 buit
480 2272 923 2329 obtrectatorem
953 2270 1346 2328 Meneclidam
1374 2270 1663 2344 quendam
1707 2268 1961 2325 indidem
1991 2269 2150 2326 The·

329 2366 436 2438 bis,
480 2378 538 2424 et
600 2364 986 2423 adversarium
1041 2366 1100 2421 in
1148 2364 1604 2422 administranda
1646 2363 1962 2438 republica,
2007 2363 2147 2422 satis
2185 2366 2266 2422 20

328 2461 705 2518 exercitatum
735 2460 794 2517 in
824 2460 1092 2532 dicendo,
1123 2471 1185 2517 ut
1212 2458 1565 2516 Thebanum
1599 2458 1855 2515 scilicet:
1898 2476 2147 2533 namque

328 2555 409 2613 illi
436 2555 595 2631 genti
620 2556 750 2630 plus
779 2555 929 2612 inest
957 2554 1160 2612 virium
1204 2550 1377 2628 quam
1426 2552 1665 2627 ingenii.
1748 2551 1830 2623 Is,
1878 2551 2033 2626 quod
2082 2553 2142 2609 in

327 2668 389 2707 re
417 2648 650 2707 militari
678 2648 879 2707 florere
908 2647 1373 2723 Epaminondam
1401 2645 1652 2718 videbat,
1683 2645 1898 2704 hortari
1925 2646 2146 2706 solebat

326 2743 662 2809 Thebanos,
692 2752 756 2800 ut
773 2762 975 2819 pacem
1003 2742 1140 2799 bello
1169 2739 1539 2817 anteferrent,
1568 2760 1643 2797 ne
1673 2739 1825 2799 illius
1847 2739 2145 2817 imperato-

327 2838 405 2896 ris
433 2857 606 2914 opera
632 2837 1071 2895 desideraretur.
1154 2834 1315 2892 Huic
1343 2835 1460 2908 ille,
1489 2834 1701 2907 Fallis,
1732 2835 1936 2910 inquit,
1978 2835 2144 2893 verbo
2182 2836 2262 2894 25

327 2934 475 2991 cives
523 2941 669 3005 taos,
697 2929 855 3007 quad
877 2932 975 2988 hos
1020 2949 1058 2986 a
1099 2929 1236 2987 bello
1281 2949 1488 2987 avocas
1509 2951 1530 2994 ,-
1571 2930 1679 2987 otii
1733 2931 1878 2986 enim
1928 2931 2145 2988 nomine

327 3028 648 3085 servitutem
689 3026 978 3083 concilias.
1061 3022 1219 3081 Nam
1248 3024 1494 3098 paritur
1530 3040 1654 3097 pax
1701 3021 1855 3078 bello.
1936 3022 2145 3096 Itaque

327 3121 429 3198 qui
456 3120 521 3179 ed
549 3119 778 3179 diutina
812 3120 1006 3177 volunt
1036 3115 1199 3193 frui,
1245 3116 1383 3173 bello
1431 3115 1727 3172 ezercitati
1773 3133 1885 3171 esse
1927 3114 2140 3172 debent.

332 3215 536 3284 Quare
562 3215 616 3272 si
630 3214 928 3291 principes
961 3212 1209 3269 Graecice
1235 3231 1350 3268 esse
1392 3210 1586 3281 vultis,
1617 3209 1824 3266 castris
1861 3216 1946 3266 est
1986 3209 2142 3266 vobis

286 3309 609 3381 -utendam,
637 3327 748 3366 non
791 3305 1095 3385 paloestrd.
1179 3305 1345 3362 Idem
1401 3304 1496 3361 ille
1551 3302 1921 3360 Meneclidas
1962 3322 2138 3378 quum
2180 3303 2261 3361 30

325 3403 463 3461 huic
491 3402 787 3480 objiceret,
817 3399 975 3478 quad
1013 3401 1215 3458 liberos
1264 3417 1374 3456 non
1419 3397 1664 3466 haberet,
1712 3416 1885 3473 neque
1920 3417 2143 3455 amoram

326 3496 613 3562 duxisset,-
669 3494 1014 3571 maximeque
1065 3494 1444 3564 insolentiam,
1488 3489 1647 3567 quad
1688 3492 1800 3549 sibi
1841 3491 2144 3568 Agamem·

324 3591 489 3649 nonis
517 3590 645 3648 belli
664 3590 916 3665 gloriam
943 3588 1230 3647 videretur
1257 3594 1581 3645 consecutus
1603 3605 1625 3641 .-
1667 3593 1749 3659 at,
1788 3586 1904 3659 ille,
1933 3586 2142 3659 desine,

717 3683 759 3740 3
786 3682 821 3717 ο
