2619 4349
1128 437 1326 488 DION.
2181 432 2263 492 45

306 597 584 655 'raclidem
609 617 625 668 3
668 596 768 674 qui
794 597 1030 674 quidem
1070 598 1465 675 principatum
1493 616 1612 657 non
1640 597 1996 672 concedens,
2026 598 2145 657 fac·

307 693 523 752 tionem
551 693 923 770 comparavit.
1020 692 1231 771 Neque
1259 694 1309 752 is
1336 690 1532 752 minus
1559 693 1790 752 valebat
1817 693 1971 771 apud
1996 694 2143 771 opti-

305 801 509 861 mateS,
565 808 809 865 quorum
863 808 1153 848 consensu
1207 801 1454 867 praeerat
1497 789 1702 869 classi,
1756 808 1935 864 quum
1983 789 2140 847 Dion

305 885 625 943 exercitum
679 885 1006 961 pedestrem
1060 896 1303 943 teneret.
1400 883 1540 944 Non
1593 884 1727 943 tulit
1780 885 1893 943 hoc
1946 883 2143 943 animo

305 999 468 1055 aequo
504 980 682 1053 Dion,
720 991 781 1038 et
820 999 1048 1037 versum
1090 980 1251 1037 illum
1282 979 1528 1038 Homeri
1554 979 1752 1038 retulit
1778 999 1853 1038 ex
1879 980 2140 1038 secunda
2177 980 2222 1038 5

305 1076 634 1151 rhapsodia,
685 1075 746 1133 in
795 1094 909 1151 quo
952 1077 1079 1133 haec
1126 1075 1419 1134 sententia
1459 1086 1581 1133 est:
1645 1074 1783 1131 Non
1806 1094 1977 1150 posse
2004 1075 2139 1132 bene

301 1173 434 1245 geri
486 1171 889 1247 rempublicam
941 1171 1243 1228 multorum
1283 1169 1560 1245 imperiis.
1680 1168 1860 1231 Quod
1916 1169 2140 1227 dictum

304 1286 517 1342 magna
558 1266 777 1324 invidia
804 1277 1123 1324 consecuta
1163 1275 1268 1323 est.
1352 1263 1624 1340 Namque
1665 1263 1958 1340 aperuisse
1987 1262 2143 1321 vide-

305 1361 494 1435 batur,
518 1381 580 1419 se
607 1362 805 1421 omnia
845 1361 906 1418 in
949 1360 1055 1418 sua
1094 1371 1379 1436 potestate
1420 1379 1548 1417 esse
1589 1359 1754 1417 velle.
1838 1358 2014 1417 Hanc
2043 1359 2140 1417 ille

306 1477 422 1516 non
464 1458 648 1515 lenire
686 1458 984 1533 obsequio,
1027 1458 1130 1515 sed
1173 1457 1491 1515 acerbitate
1530 1455 1854 1532 opprimere
1895 1455 2137 1528 studuit,
2182 1456 2258 1513 10

305 1552 816 1629 Heraclidemque,
839 1572 1016 1630 quum
1041 1554 1361 1629 Syracusas
1377 1551 1649 1625 venisset,
1669 1551 2136 1610 interficiendum

304 1647 544 1706 curavit.

382 1743 524 1802 VII.
607 1743 788 1805 Quod
830 1744 1046 1802 sactum
1086 1742 1358 1802 omnibus
1399 1742 1715 1800 maximum
1757 1741 2021 1801 timorem
2054 1742 2141 1800 in·

300 1839 459 1916 jecit.
582 1839 774 1898 Nemo
812 1840 989 1913 enim,
1032 1839 1130 1898 illo
1173 1838 1499 1913 interfecto,
1544 1858 1606 1897 se
1647 1850 1835 1897 tutum
1877 1839 2136 1915 putabat.

302 1934 413 1993 Ille
463 1947 677 2009 autem,
721 1934 1047 1994 adversario
1086 1947 1328 2008 remoto,
1382 1932 1657 1993 licentius
1709 1953 1909 1991 eorum
1963 1935 2136 2008 bona,
2182 1935 2257 1992 15

302 2050 446 2107 quos
487 2031 710 2090 sciebat
751 2027 1027 2089 adversus
1067 2050 1130 2089 se
1171 2029 1445 2103 sensisse,
1487 2028 1769 2087 militibus
1799 2028 2137 2105 dispertivit.

302 2126 541 2189 Quibus
570 2126 788 2202 divisis,
810 2146 985 2203 quum
1014 2126 1335 2204 quotidiani
1358 2125 1595 2185 maximi
1624 2126 1829 2185 fierent
1856 2136 2138 2203 sumptus,

302 2224 569 2282 celeriter
608 2223 861 2301 pecunia
898 2224 1101 2283 deesse
1129 2223 1344 2301 coepit3
1387 2242 1596 2300 neque,
1624 2221 1738 2298 quo
1768 2241 1975 2281 manus
2014 2242 2141 2299 por-

301 2320 537 2397 rigeret,
567 2320 927 2397 suppetebat,
957 2320 1070 2378 nisi
1110 2319 1171 2378 in
1214 2320 1533 2378 amicorum
1573 2318 1984 2394 possessiones.
2067 2317 2139 2375 Id
2228 2307 2236 2318 ⁹

304 2416 637 2493 hujusmodi
676 2429 822 2492 erat,
853 2428 935 2490 ut,
962 2436 1142 2493 quum
1184 2416 1399 2475 milites
1427 2414 1884 2488 reconciliasset,
1916 2414 2140 2472 amitte·
2176 2413 2258 2471 20

303 2523 392 2572 ret
431 2510 753 2588 optimates.
859 2511 1131 2574 Quarum
1184 2530 1378 2569 rerum
1433 2510 1576 2568 cura
1625 2510 2017 2585 frangebatur,
2059 2520 2137 2581 et,

307 2607 567 2665 insuetus
595 2605 747 2665 male
791 2606 1086 2679 audiendi,
1115 2625 1233 2664 non
1262 2624 1427 2681 aequo
1456 2604 1650 2662 animo
1680 2604 1919 2674 ferebat,
1961 2603 2034 2658 de
2076 2620 2140 2659 se

306 2704 379 2760 ab
409 2702 480 2760 iis
508 2700 660 2759 male
690 2700 1027 2775 existimari,
1056 2720 1298 2777 quorum
1341 2698 1515 2776 paulo
1559 2696 1694 2757 ante
1725 2698 1785 2755 in
1819 2697 2025 2755 caelum
2056 2696 2140 2753 fu-

305 2793 429 2855 erat
470 2797 655 2854 elatus
695 2796 983 2854 laudibus,
1106 2795 1336 2872 Vulgus
1379 2806 1593 2869 autem,
1636 2793 1860 2853 offensa
1902 2792 1961 2849 in
2004 2810 2139 2849 eum

306 2892 552 2949 militum
582 2893 895 2964 voluntate,
938 2889 1176 2949 liberius
1203 2890 1564 2966 loquebatur,
1602 2902 1661 2948 et
1688 2897 2000 2966 tyrannum
2028 2906 2139 2944 non
2177 2886 2258 2944 25

305 2986 618 3062 ferendum
648 2987 969 3045 dictitabat.

389 3082 559 3139 VIII.
645 3082 793 3139 Haec
822 3082 918 3139 ille
951 3080 1204 3152 intuens,
1234 3098 1434 3155 quum,
1463 3078 1949 3153 quemadmodum
1978 3075 2143 3132 seda·

307 3189 412 3248 ret,
438 3177 714 3250 nesciret,
736 3189 815 3249 et,
838 3194 1107 3251 quorsum
1127 3176 1460 3247 evaderent,
1491 3172 1751 3242 timeret3
1796 3170 2142 3229 Callicrates

306 3273 562 3347 quidam,
592 3272 736 3330 civis
777 3270 1178 3343 Atheniensis,
1221 3269 1321 3346 qui
1362 3268 1534 3326 simul
1576 3285 1711 3324 cum
1752 3285 1823 3324 eo
1863 3284 1934 3323 ex
1978 3264 2143 3322 Pelo—

307 3387 568 3443 ponneso
604 3366 662 3423 in
689 3366 955 3424 Siciliam
984 3376 1240 3436 venerat,
1265 3365 1439 3421 homo
1459 3372 1518 3420 et
1540 3360 1785 3418 callidus
1807 3371 1867 3418 et
1890 3360 1963 3417 ad
1993 3361 2142 3418 frau-
2180 3358 2258 3416 30

309 3464 439 3518 dem
473 3475 696 3534 acutuS,
727 3461 852 3519 sine
881 3460 999 3517 ulla
1028 3458 1308 3535 religione
1340 3478 1408 3515 ac
1438 3458 1572 3529 fide,
1603 3456 1723 3515 adit
1752 3456 1824 3513 ad
1867 3455 2140 3527 Dionem,

309 3569 366 3614 et
396 3558 475 3614 ait
501 3578 512 3613 :
558 3577 676 3612 eum
711 3555 826 3634 [in]
860 3574 1068 3629 magno
1087 3553 1351 3629 periculo
1380 3572 1494 3609 csse
1514 3559 1757 3627 propter
1783 3550 2141 3625 offensionem

325 3653 531 3727 populi
560 3660 613 3707 ct
642 3652 828 3707 odium
858 3651 1119 3721 militnm,
1148 3646 1303 3723 quod
1328 3646 1480 3703 nullo
1510 3645 1667 3702 modo
1696 3645 2140 3717 evitare-posset,
