2619 4349
359 438 436 497 40
1253 446 1506 497 CONON.

474 608 665 679 vellet,
694 606 909 682 eligere
941 607 1012 664 ad
1042 607 1492 683 dispensandam
1527 606 1855 683 pecuniam.
1938 605 2021 663 Id
2059 603 2300 663 arbitri-

473 721 584 775 um,
616 702 821 760 Conon
851 702 1105 778 negavit,
1134 704 1227 760 sui
1252 722 1369 760 esse
1398 703 1643 776 consilii,
1673 701 1775 760 sed
1804 702 2009 779 ipsius,
2054 701 2156 777 qui
2202 721 2301 778 op-

474 794 608 853 time
636 815 764 854 suos
792 798 954 855 ndsse
981 797 1238 862 debent,-
1280 798 1383 855 sed
1405 817 1462 855 se
1507 797 1764 870 suadere,
1793 797 2192 854 Pharnabazo
2233 795 2304 854 id

473 892 694 967 negotii
746 892 929 950 daret.
1034 892 1195 951 Hinc
1248 892 1477 970 magnis
1530 893 1868 950 muneribus
1921 892 2168 950 donatus
2224 892 2297 949 ad

395 987 435 1044 5
475 1005 633 1044 mare
661 998 750 1045 est
777 987 1007 1060 missuS,
1037 999 1101 1047 ut
1143 988 1375 1064 Cypriis
1417 1000 1476 1047 et
1523 986 1920 1060 Phoenicibus,
1958 987 2297 1062 caeterisque

472 1080 774 1139 maritimis
801 1081 1130 1140 civitatibus
1153 1102 1330 1140 naves
1351 1083 1554 1159 longas
1573 1083 1898 1158 imperaret,
1917 1083 2296 1156 classemque,

473 1176 587 1250 qua
642 1176 903 1252 proxima
958 1186 1154 1234 aestate
1209 1195 1369 1234 mare
1417 1177 1566 1234 tueri
1635 1189 1848 1253 posset,
1902 1188 2295 1255 compararet:

474 1271 608 1328 dato
638 1271 898 1346 adjutore
946 1269 1352 1343 Pharnabazo,
1397 1270 1549 1329 sicut
1597 1270 1719 1347 ipse
1768 1272 2039 1330 voluerat.
2122 1270 2192 1327 Id
2233 1282 2298 1328 ut

473 1365 936 1422 Lacedaemoniis
964 1376 1052 1422 est
1079 1365 1431 1436 nuntiatum,
1461 1383 1578 1422 non
1608 1364 1735 1422 sine
1756 1365 1899 1423 cura
1923 1383 2045 1423 rem
2076 1365 2299 1421 admin-

363 1459 434 1517 10
475 1457 770 1531 istrarunt,
794 1457 948 1533 quod
993 1458 1180 1533 majus
1228 1458 1445 1516 bellum
1490 1458 1793 1516 imminere
1843 1459 2294 1532 arbitrabantur,

473 1551 646 1628 quam
675 1553 723 1610 si
752 1572 886 1611 cum
907 1553 1160 1611 Barbaro
1177 1552 1362 1611 solum
1387 1554 1822 1611 contenderent.
1906 1552 2061 1610 Nam
2084 1554 2295 1611 ducem

474 1649 678 1706 fortem
731 1657 790 1705 et
842 1647 1185 1723 prudentem
1239 1647 1450 1723 Regiis
1501 1647 1709 1724 opibus
1775 1648 2174 1724 praefuturum,
2220 1667 2296 1705 ac

472 1762 672 1801 secum
720 1742 1127 1800 dimicaturum
1181 1743 1478 1816 videbant,
1545 1762 1717 1818 quem
1793 1762 1981 1819 neque
2051 1742 2296 1802 consilio

471 1857 659 1914 neque
707 1837 890 1915 copiis
938 1857 1209 1914 superare
1251 1850 1504 1914 possent.
1609 1838 1744 1905 Hac
1791 1849 1985 1896 mente
2022 1855 2295 1914 magnam

358 1936 433 1994 15
472 1934 825 1992 contrahunt
897 1933 1142 1990 classem
1186 1953 1201 2003 3
1267 1932 1714 2010 proficiscuntur
1782 1932 2066 1992 Pisandro
2122 1933 2292 1992 duce.

473 2029 600 2088 Hos
628 2028 835 2087 Conon
865 2028 1017 2104 apud
1040 2027 1297 2085 Cnidum
1327 2028 1560 2088 adortus
1609 2045 1821 2104 magno
1860 2027 2064 2105 proelio
2111 2022 2293 2105 fugat,

469 2124 680 2182 multas
706 2141 884 2180 naves
911 2121 1086 2199 capit,
1129 2122 1455 2198 complures
1496 2122 1782 2200 deprimit.
1864 2122 2008 2186 Qua
2053 2123 2295 2183 victoria

470 2235 588 2277 non
619 2215 805 2275 solum
834 2218 1107 2290 Athenae,
1137 2217 1240 2275 sed
1266 2216 1443 2275 etiam
1471 2228 1688 2276 cuncta
1723 2218 1974 2293 Graecia,
2013 2238 2140 2295 quae
2183 2219 2293 2277 sub

471 2310 1048 2371 Lacedaemoniorum
1098 2312 1287 2371 suerat
1327 2311 1587 2388 imperio,
1610 2314 1857 2373 liberata
1892 2325 1997 2373 est.
2082 2315 2291 2374 Conon

351 2409 434 2468 20
473 2426 608 2465 cum
655 2417 819 2483 parte
861 2406 1095 2464 navium
1145 2406 1204 2464 in
1251 2407 1499 2484 patriam
1542 2408 1734 2468 venit:
1776 2429 1972 2469 muros
2009 2410 2228 2469 dirutos
2257 2430 2293 2469 a

472 2502 795 2577 Lysandro,
825 2512 1095 2579 utrosque
1121 2513 1180 2561 et
1207 2501 1380 2560 Piraei
1407 2516 1467 2562 et
1510 2504 1897 2576 Athenarum,
1941 2505 2288 2563 reficiendos

471 2608 656 2670 curat,
686 2597 1064 2673 pecuniaeque
1091 2596 1512 2675 quinquaginta
1553 2600 1792 2674 talenta,
1814 2619 1940 2676 quae
1970 2619 2005 2657 a
2030 2599 2288 2659 Pharna-

471 2693 622 2751 bazo
651 2703 974 2767 acceperat,
1005 2693 1227 2749 civibus
1256 2694 1377 2751 suis
1404 2694 1597 2752 donat.

549 2787 622 2845 V.
708 2785 946 2844 Accidit
975 2788 1132 2859 huic,
1170 2788 1320 2862 quod
1362 2787 1586 2846 caeteris
1615 2789 1971 2861 mortalibuS,
2001 2800 2064 2845 ut
2092 2788 2291 2850 incon-

349 2882 430 2939 25
470 2880 770 2939 sideratior
814 2881 873 2936 in
919 2883 1198 2953 secunda,
1248 2879 1420 2955 quam
1471 2881 1529 2937 in
1580 2882 1819 2937 adversa
1860 2893 2013 2939 esset
2041 2882 2287 2941 fortuna.

467 2976 621 3034 Nam
653 2976 836 3033 classe
887 2976 1433 3051 Peloponnesiorum
1478 2975 1725 3047 devicta,
1770 2993 1946 3049 quum
1995 2976 2178 3032 ultum
2227 2995 2291 3033 se

469 3072 709 3147 injurias
736 3071 938 3147 patriae
967 3082 1213 3145 putaret,
1242 3071 1409 3145 plura
1445 3069 1795 3144 concupivit,
1832 3054 2014 3141 'quam
2057 3069 2288 3125 efficere

467 3167 669 3241 potuit.
754 3165 961 3239 Neque
991 3176 1183 3221 tamen
1214 3183 1284 3219 ea
1306 3183 1423 3221 non
1476 3164 1571 3237 pia
1593 3174 1652 3220 et
1693 3163 1989 3238 probanda
2034 3163 2287 3235 fuerunt,

467 3259 621 3335 quod
663 3258 854 3336 potius
896 3258 1096 3333 patriae
1135 3276 1275 3331 opes
1327 3256 1546 3331 augeri,
1586 3254 1757 3330 quam
1804 3256 2011 3332 Regis,
2061 3257 2285 3316 maluit.

349 3356 430 3414 30
469 3355 624 3413 Nam
653 3373 829 3430 quum
853 3369 1123 3425 magnam
1155 3350 1555 3407 auctoritatem
1586 3351 1693 3407 sibi
1723 3352 1921 3427 pugna
1949 3353 2054 3409 sud
2077 3352 2286 3425 navali,

468 3469 640 3525 quam
698 3448 847 3522 apud
904 3446 1157 3502 Cnidum
1215 3445 1453 3517 fecerat,
1495 3447 1906 3519 constituisset,
1952 3467 2069 3517 non
2100 3447 2285 3505 solum

468 3546 618 3602 inter
648 3542 932 3599 Barbaros
960 3540 1061 3597 sed
1091 3540 1262 3598 etiam
1295 3541 1444 3598 inter
1472 3561 1674 3599 omnes
1723 3543 1965 3600 Graeciae
2000 3542 2283 3615 civitates,

467 3639 616 3697 clam
647 3638 783 3693 dare
813 3625 1042 3713 operam
1073 3637 1266 3713 eoepit,
1292 3649 1354 3694 ut
1384 3636 1608 3694 Ioniam
1638 3649 1696 3695 et
1726 3639 1978 3695 AEoliam
2027 3639 2287 3696 restitue-
