2619 4349
969 385 1348 437 EPAMINON
1355 390 1513 439 DAS.
2201 390 2276 449 67

335 552 470 598 sunt
516 541 864 599 testimonia.
946 544 1151 606 Quum
1198 567 1334 604 eum
1387 563 1617 627 propter
1672 553 1950 613 invidiam
2003 555 2161 615 cives

332 637 625 711 praeficere
680 639 963 697 exercitui
1015 642 1358 719 noluissent,
1414 647 1644 723 duxque
1698 662 1852 709 esset
1900 652 2160 710 delectus

333 732 469 789 belli
493 733 808 809 imperituS,
839 737 1010 811 cujus
1033 757 1224 797 errore
1252 739 1324 798 eo
1354 755 1508 801 esset
1535 745 1788 804 deducta
1831 747 1930 804 illa
1970 747 2161 807 multi-

332 829 471 886 tudo
499 829 767 903 militum,
798 842 861 890 ut
880 851 1083 890 omnes
1111 835 1183 892 de
1232 837 1417 896 salute
1464 839 1960 916 pertimescerent,
2004 840 2157 918 quod

330 921 587 979 locorum
606 925 889 1000 angustiis
907 927 1092 984 clausi
1115 930 1187 986 ab
1210 931 1470 990 hostibus
1491 934 1906 995 obsidebantur
1925 934 2160 1008 ,desid-
2196 940 2237 996 5

331 1016 479 1072 erari
507 1028 697 1093 coepta
723 1030 812 1077 est
839 1020 1259 1097 Epaminondae
1289 1026 1610 1102 diligentia.
1693 1030 1835 1089 Erat
1870 1033 2029 1090 enim
2075 1032 2158 1090 ibi

329 1109 582 1184 privatus
609 1131 850 1172 numero
876 1116 1093 1174 militis.
1175 1119 1234 1176 A
1278 1140 1392 1194 quo
1432 1141 1609 1198 quum
1655 1135 1922 1201 peterent
1966 1145 2156 1203 opem,

329 1204 545 1261 nullam
597 1207 860 1266 adhibuit
901 1211 1239 1270 memoriam
1282 1218 1669 1292 contumelias,
1713 1232 1772 1278 et
1814 1220 2154 1295 exercitum,

328 1298 628 1357 obsidione
645 1302 970 1378 liberatum,
990 1307 1222 1365 domum
1241 1311 1472 1369 reduxit
1495 1312 1861 1373 incolumem.
1943 1315 2153 1393 Neque

328 1391 463 1449 vero
487 1395 598 1452 hoc
620 1399 796 1455 semel
827 1400 983 1473 fecit,
1034 1403 1135 1459 sed
1184 1405 1411 1480 saepius.
1498 1407 1756 1467 Maxime
1799 1423 1991 1470 autem
2041 1414 2149 1474 suit
2198 1416 2272 1474 10

329 1486 567 1561 illustre,
596 1511 772 1565 quum
802 1493 860 1550 in
899 1494 1363 1572 Peloponnesum
1407 1502 1725 1562 exercitum
1755 1505 2012 1566 duxisset
2057 1509 2154 1567 ad-

333 1581 525 1640 versus
553 1585 1047 1662 LacedaemoniOS,
1079 1592 1427 1668 haberetque
1455 1598 1707 1674 collegas
1725 1600 1889 1673 duos,
1907 1621 2150 1676 quorum

328 1677 468 1734 alter
496 1691 620 1735 erat
647 1680 972 1757 Pelopidae,
1002 1684 1085 1742 vir
1114 1686 1274 1744 sortis
1325 1707 1395 1746 ac
1437 1703 1722 1751 strenuus.
1809 1695 1930 1754 Hic
1972 1717 2150 1773 quum

326 1771 665 1831 criminibus
695 1776 1149 1836 adversariorum
1177 1801 1381 1840 omnes
1411 1783 1470 1841 in
1515 1785 1789 1845 invidiam
1832 1792 2147 1868 venissent,

323 1866 399 1923 ob
426 1887 668 1943 eamque
696 1889 815 1927 rem
845 1871 1150 1947 imperium
1180 1876 1269 1933 his
1295 1891 1449 1937 esset
1488 1881 1845 1957 abrogatum,
1876 1897 2047 1960 atque
2086 1887 2147 1946 in
2192 1891 2266 1947 15

323 1981 524 2021 eorum
552 1967 743 2024 locum
773 1969 870 2026 alii
906 1982 1178 2045 praetores
1217 1969 1669 2048 successissent3
1713 1979 2148 2054 Epaminondas

322 2060 664 2134 populiscitu
710 2083 827 2121 non
875 2064 1086 2140 paruit,
1136 2065 1403 2143 idemque
1450 2082 1512 2128 ut
1561 2072 1820 2132 facerent
1861 2076 2146 2150 persuasit

322 2156 581 2233 collegiS,
625 2170 684 2217 et
731 2160 966 2234 bellum,
1011 2163 1162 2237 quod
1208 2178 1560 2241 susceperat,
1598 2167 1793 2244 gessit.
1875 2169 2146 2248 Namque

322 2251 832 2329 animadvertebat,
855 2257 968 2314 nisi
998 2257 1054 2314 id
1085 2259 1338 2333 fecisset,
1358 2271 1540 2320 totum
1569 2264 1886 2323 exercitum
1913 2279 2144 2344 propter

319 2359 625 2423 praetorum
655 2349 1097 2425 imprudentiam
1129 2353 1609 2430 inscientiamque
1639 2358 1773 2415 belli
1805 2361 2139 2435 periturum.
2180 2361 2262 2420 2⁰

324 2441 446 2498 Lex
474 2454 598 2500 erat
626 2443 872 2518 Thebis,
896 2464 1022 2519 quae
1052 2457 1234 2503 morte
1264 2448 1564 2521 multabat,
1594 2451 1644 2506 si
1671 2452 1799 2525 quis
1830 2454 2132 2529 imperium

318 2536 535 2594 diutius
562 2538 912 2612 retinuisset,
942 2537 1114 2614 quam
1152 2542 1281 2615 lege
1326 2543 1672 2617 praefinitum
1718 2547 1877 2605 foret.
1961 2550 2138 2611 Hanc

318 2630 751 2706 Epaminondas
788 2653 963 2708 quum
1004 2633 1338 2710 reipublicae
1382 2639 1789 2695 conservandas
1840 2643 2017 2700 causa
2062 2646 2142 2703 la-

316 2737 433 2783 tam
462 2727 700 2800 videret,
730 2730 801 2786 ad
830 2729 1146 2804 perniciem
1203 2730 1453 2789 civitatis
1490 2734 1753 2791 conferre
1813 2738 2030 2810 noluit;
2080 2753 2140 2801 et

314 2834 556 2895 quatuor
584 2823 880 2881 mensibus
909 2825 1146 2898 diutius,
1176 2824 1351 2900 quam
1379 2828 1624 2903 populus
1645 2829 1914 2904 jusserat,
1959 2836 2139 2910 gessit
2175 2839 2256 2897 25

315 2913 636 2992 imperium.

390 3012 565 3070 VIII.
648 3012 955 3088 Postquam
1000 3015 1234 3073 domum
1279 3014 1527 3071 reditum
1576 3027 1683 3087 est,
1727 3017 1965 3093 collegae
2012 3022 2139 3096 ejus

313 3105 423 3162 hoc
477 3105 719 3164 crimine
774 3108 1213 3165 accusabantur.
1315 3107 1551 3169 Quibus
1600 3108 1695 3166 ille
1745 3111 2024 3186 permisit,
2075 3129 2138 3175 ut

310 3218 540 3258 omnem
564 3220 798 3258 causam
829 3200 890 3259 in
915 3221 976 3259 se
1005 3204 1401 3274 transferrent,
1446 3202 1664 3277 suaque
1705 3206 1882 3279 opera
1921 3208 2137 3269 factum

312 3296 749 3368 contenderent,
780 3307 843 3355 ut
880 3296 995 3373 legi
1044 3317 1161 3355 non
1208 3298 1528 3355 obedirent.
1608 3297 1750 3359 Qua
1800 3299 2137 3363 defensione
2177 3307 2255 3366 30

313 3387 424 3445 illis
449 3389 707 3464 periculo
733 3390 1011 3463 liberatis,
1040 3409 1211 3449 nemo
1239 3391 1702 3468 Epaminondam
1732 3413 2139 3471 responsurum

309 3486 568 3560 putabat,
621 3485 799 3563 quod,
855 3486 991 3562 quid
1046 3487 1285 3560 diceret,
1336 3507 1453 3545 non
1502 3488 1755 3548 haberet.
1839 3492 1922 3550 At
1951 3492 2046 3551 ille
2076 3495 2136 3552 in

304 3578 589 3656 judicium
643 3580 830 3640 venit:
880 3581 1025 3639 nihil
1080 3601 1280 3641 eorum
1334 3582 1587 3660 negavit,
1642 3604 1770 3660 quae
1821 3587 2132 3647 adversarii
