2619 4349
387 406 496 463 116
968 413 1030 462 Τ.
1065 412 1469 463 POMPONIUS
1509 411 1833 460 ATTICUS.

495 573 686 632 facere
713 591 815 647 par
860 583 1031 643 esset,
1083 572 1436 642 intuebatur,
1487 569 1659 645 quam
1704 570 1841 645 quid
1893 569 1989 626 alii
2034 569 2326 627 laudaturi

496 667 698 724 forent.

573 761 658 819 x:
736 761 1032 818 Conversa
1060 759 1249 830 subito
1282 761 1510 817 fortuna
1537 770 1641 816 est.
1724 758 1803 817 Ut
1833 759 2126 816 Antonius
2152 758 2327 817 rediit

491 856 553 913 in
584 857 835 928 Italiam,
890 876 1061 913 nemo
1117 875 1233 913 non
1309 874 1522 930 magno
1581 852 1696 932 [in]
1755 853 2014 928 periculo
2058 854 2325 911 Atticum

409 953 455 1011 5
496 953 751 1010 futurum
793 952 1043 1027 putarat,
1074 962 1300 1026 propter
1353 950 1613 1007 intimam
1662 949 2107 1008 familiaritatem
2155 949 2326 1006 Cice-

492 1047 650 1105 ronis
678 1058 737 1105 et
784 1046 966 1104 Bruti.
1052 1046 1256 1120 Itaque
1314 1047 1383 1102 ad
1438 1046 1748 1102 adventum
1800 1044 2204 1120 imperatorum
2251 1045 2325 1100 de

494 1143 616 1200 foro
645 1143 991 1214 decesserat,
1022 1141 1231 1200 timens
1259 1140 1756 1216 proscriptionem,
1800 1140 2124 1213 latebatque
2171 1139 2324 1214 apud

494 1237 559 1294 P.
604 1237 1001 1308 Volumnium,
1051 1237 1167 1308 cui,
1217 1248 1281 1293 ut
1323 1235 1701 1306 ostendimus,
1747 1233 1920 1310 paulo
1972 1232 2106 1292 ante
2155 1253 2326 1309 opem

492 1332 737 1389 tulerat:
789 1331 980 1408 (tanta
1009 1331 1256 1388 varietas
1289 1330 1359 1386 iis
1390 1329 1743 1405 temporibus
1793 1329 1900 1387 fuit
1951 1330 2212 1400 fortunae,
2263 1341 2327 1387 ut

383 1426 454 1483 10
494 1425 666 1483 modo
716 1426 794 1496 hi,
847 1424 1015 1483 modo
1068 1425 1168 1496 illi,
1219 1425 1278 1481 in
1329 1444 1553 1482 summo
1599 1435 1794 1481 essent
1824 1435 1921 1481 aut
1968 1424 2195 1500 fastigio
2227 1435 2328 1482 aut

405 1570 413 1579 .
494 1520 780 1597 periculo)
814 1520 1175 1594 habebatque
1205 1539 1403 1576 secum
1431 1519 1512 1580 Q.
1543 1519 1797 1575 Gellium
1843 1519 2092 1590 Canum,
2139 1539 2328 1594 aequa-

493 1615 608 1671 lem
654 1614 1122 1688 simillimumque
1172 1615 1278 1670 sui.
1367 1614 1497 1671 Hoc
1545 1633 1768 1688 quoque
1813 1614 1888 1670 sit
1937 1613 2120 1671 Attici
2165 1615 2328 1671 boni-

493 1709 629 1766 tatis
670 1710 1016 1783 exemplum,
1062 1706 1214 1783 quod
1260 1729 1395 1765 cum
1440 1728 1529 1781 eo,
1579 1728 1749 1782 quem
1795 1727 2036 1783 puerum
2082 1707 2139 1764 in
2189 1709 2328 1767 ludo

495 1815 863 1880 cognoverat,
916 1803 1060 1861 adeo
1117 1781 1431 1880 conjiincte
1489 1803 1647 1876 vixit,
1721 1814 1784 1861 ut
1859 1804 1931 1859 ad
2007 1815 2327 1862 extremam

382 1902 455 1957 15
497 1911 724 1957 aetatem
755 1899 1010 1957 amicitia
1047 1919 1243 1957 eorum
1288 1899 1550 1956 creverit.
1635 1898 1930 1955 Antonius
1976 1910 2167 1955 autem
2217 1900 2328 1958 etsi

495 2006 657 2052 tanto
685 1994 817 2051 odio
847 1994 1134 2051 serebatur
1165 1993 1222 2050 in
1253 1993 1623 2066 Ciceronem,
1648 2005 1711 2051 ut
1738 2013 1854 2050 non
1886 1992 2069 2051 solum
2117 1994 2192 2067 ei,
2224 1997 2326 2052 sed

439 2086 458 2095 ²
493 2089 763 2147 omnibus
791 2089 965 2146 etiam
995 2088 1120 2163 ejus
1150 2087 1354 2145 amicis
1382 2100 1533 2146 esset
1565 2087 1856 2160 inimicuS,
1903 2107 2114 2163 eosque
2157 2091 2329 2149 vellet

492 2185 851 2260 proscribere
876 2206 890 2255 3
961 2184 1156 2243 multis
1211 2184 1574 2243 hortantibus
1629 2195 1824 2241 tamen
1873 2184 2060 2242 Attici
2108 2204 2327 2244 memor

495 2279 604 2337 suit
630 2279 825 2351 officii,
873 2291 931 2337 et
981 2280 1056 2351 ei,
1112 2298 1290 2353 quum
1322 2265 1679 2353 requisisset
1723 2278 1960 2335 ubinam
2003 2292 2176 2352 esset,
2223 2280 2328 2338 sua

375 2376 456 2432 20
496 2394 672 2431 manu
702 2374 949 2450 scripsit,
980 2395 1046 2431 ne
1096 2375 1334 2446 timeret,
1385 2374 1689 2449 statimque
1738 2374 1819 2431 ad
1871 2394 1927 2432 se
1971 2375 2231 2432 ven-iret:
2271 2392 2328 2433 se

495 2489 635 2542 eum,
659 2478 713 2526 et
740 2470 896 2526 illius
928 2467 1104 2525 causti
1158 2468 1407 2525 Gellium
1457 2468 1698 2541 Canum,
1756 2469 1822 2526 de
1867 2470 2329 2546 proscriptorum

495 2584 719 2622 numero
749 2565 1022 2622 exemisse.
1109 2564 1223 2635 Ac,
1255 2583 1331 2620 ne
1360 2564 1512 2638 quod
1544 2562 1603 2620 in
1653 2563 1977 2639 periculum
2019 2565 2326 2639 incideret,

493 2659 647 2735 quod
677 2670 853 2717 noctu
897 2660 1087 2731 fiebat,
1131 2658 1465 2734 praesidium
1497 2658 1552 2715 ei
1582 2658 1754 2716 misit.
1840 2658 1940 2715 Sic
1985 2659 2221 2718 Atticus
2265 2660 2326 2719 in

492 2774 719 2812 summo
747 2754 949 2811 timore
979 2773 1095 2810 non
1125 2751 1312 2811 solum
1343 2752 1472 2825 sibi,
1503 2754 1605 2810 sed
1634 2753 1808 2810 etiam
1837 2753 1913 2826 ei,
1942 2773 2113 2828 quem
2152 2755 2328 2813 caris·

365 2851 454 2908 ’25
496 2850 703 2907 simum
733 2849 1002 2920 habebat,
1031 2848 1298 2923 praesidio
1323 2848 1444 2907 fuit.
1530 2848 1737 2923 Neque
1767 2848 1921 2905 enim
1973 2869 2091 2906 suae
2139 2848 2325 2908 solum

494 2963 836 3020 aquoquam
881 2945 1156 3002 auxilium
1205 2944 1372 3020 petiit
1420 2944 1642 3015 salutis,
1673 2945 1773 3001 sed
1821 2944 2209 3019 conjunctim;
2264 2959 2328 3005 ut

494 3051 811 3117 appareret,
842 3041 1059 3097 nullam
1089 3040 1412 3115 sejunctam
1461 3039 1572 3096 sibi
1601 3040 1672 3096 ab
1712 3059 1782 3097 eo
1827 3041 1969 3096 velle
2020 3040 2324 3100 fortunam.

491 3134 673 3198 Quod
704 3136 751 3194 si
780 3137 1129 3212 gubernator
1169 3135 1463 3212 praecipua
1509 3135 1681 3192 laude
1726 3136 1923 3207 fertur,
1971 3137 2071 3211 qui
2119 3125 2326 3195 navem

492 3251 564 3289 ex
597 3232 784 3288 hieme
814 3231 1070 3307 marique
1100 3232 1404 3307 scopuloso
1432 3242 1659 3301 servat3
1703 3250 1807 3288 cur
1854 3251 1970 3288 non
2002 3232 2328 3308 singularis

374 3328 453 3386 30
493 3326 618 3402 ejus
647 3325 1002 3385 existimetur
1030 3325 1360 3402 prudentia,
1390 3325 1487 3400 qui
1525 3346 1597 3383 ex
1643 3337 1726 3384 tot
1770 3338 2004 3401 tamque
2053 3329 2327 3403 gravibus

491 3421 760 3498 procellis
784 3421 1050 3478 civilibus
1081 3422 1152 3479 ad
1184 3420 1644 3479 incolumitatem
1672 3420 1979 3496 pervenit'!

573 3517 682 3574 XI.
765 3516 1001 3578 Quibus
1031 3537 1101 3573 ex
1131 3516 1298 3574 malis
1350 3528 1413 3574 ut
1468 3536 1531 3573 se
1585 3529 1920 3589 emerserat,
1977 3515 2122 3573 nihil
2168 3516 2327 3575 aliud

490 3611 634 3687 egit,
688 3607 859 3686 quam
918 3621 979 3668 ut
1032 3611 1313 3686 plurimiS,
1370 3610 1580 3686 quibus
1661 3612 1834 3669 rebus
1906 3623 2118 3687 posset,
2175 3623 2329 3672 esset
