2619 4349
1037 419 1430 471 TIMOLEON.
2178 408 2256 469 91

822 768 963 827 XX.
1046 767 1672 827 TIMOLEON.

412 941 461 999 Ι.
554 942 861 1014 Timoleon,
895 941 1246 1000 Corinthius.
1332 941 1474 1001 Sine
1518 941 1696 1001 dubio
1741 960 1987 1018 magnus
2032 961 2151 1001 om-

334 1036 495 1094 nium
518 1036 741 1113 judicio
768 1036 863 1094 hic
890 1036 974 1094 vir
1000 1036 1205 1095 extitit.
1287 1037 1556 1112 Namque
1584 1036 1722 1094 huic
1754 1036 1858 1094 uni
1886 1036 2150 1113 contigit,

334 1134 486 1208 quod
515 1132 714 1190 nescio
741 1151 813 1189 an
842 1132 966 1206 ulli,
995 1142 1060 1190 ut
1103 1142 1163 1190 et
1206 1131 1474 1208 patriam,
1521 1131 1583 1189 in
1631 1132 1747 1209 qua
1789 1143 1913 1190 erat
1958 1143 2150 1204 natue,

334 1246 661 1302 oppressam
705 1246 739 1284 a
778 1239 1023 1302 tyranno
1068 1226 1358 1298 liberaret,
1405 1238 1464 1284 et
1499 1245 1534 1283 a
1578 1226 1902 1302 syracusia,
1944 1226 2153 1301 quibus

335 1322 548 1380 auxilio
575 1333 699 1380 erat
745 1322 973 1394 missuS,
1023 1321 1399 1379 inveteratam
1443 1320 1774 1379 servitutem
1818 1320 2150 1397 depelleret,
2189 1321 2231 1378 5

335 1428 631 1491 totamque
660 1416 942 1488 Siciliam,
971 1417 1180 1474 multos
1209 1436 1393 1474 annos
1422 1417 1572 1474 bello
1600 1427 1862 1473 vexatam
1892 1434 1926 1472 a
1952 1415 2154 1472 barba-

335 1511 526 1586 risque
554 1530 906 1587 oppressam,
936 1530 1040 1568 suo
1062 1511 1314 1569 adventu
1357 1511 1417 1568 in
1458 1510 1764 1587 pristinum
1808 1510 2150 1569 restitueret.

336 1607 453 1663 Sed
483 1606 543 1663 in
573 1605 662 1663 his
690 1606 861 1663 rebus
909 1625 1026 1663 non
1065 1605 1314 1681 simplici
1363 1605 1593 1663 fortuna
1640 1604 2007 1663 conflictatus
2043 1615 2152 1675 est,

334 1712 412 1773 et,
469 1700 528 1757 id
575 1700 727 1775 quod
779 1699 1071 1757 difficilius
1122 1711 1376 1776 putatur,
1418 1698 1601 1758 multo
1650 1697 1971 1776 sapientius
2025 1697 2157 1756 tulit

335 1797 673 1867 secundam,
727 1792 901 1870 quam
971 1795 1268 1853 adversam
1345 1796 1649 1853 fortunam.
1751 1793 1908 1852 Nam
1975 1812 2153 1869 quum
2197 1793 2274 1862 lo

335 1891 509 1949 frater
562 1891 687 1964 ejus
741 1890 1159 1966 TimophaneS,
1232 1891 1353 1948 dux
1406 1909 1440 1947 a
1487 1889 1805 1948 Corinthiis
1873 1890 2154 1962 delectae,

335 1985 700 2060 tyrannidem
746 2003 846 2060 per
894 1984 1106 2041 milites
1154 1983 1541 2042 mercenarios
1578 1984 1940 2060 occupasset,
1984 1984 2157 2059 parti-

336 2099 584 2155 cepsque
637 2078 803 2155 regni
855 2090 1049 2154 posset
1101 2098 1271 2148 esse3
1316 2075 1539 2136 tantum
1569 2077 1752 2136 abfuit
1801 2097 1834 2135 a
1882 2077 2156 2135 societate

337 2174 591 2247 sceleris,
620 2187 683 2233 ut
712 2173 1043 2233 antetulerit
1070 2193 1302 2232 suorum
1332 2172 1545 2230 civium
1590 2172 1914 2232 libertatem
1966 2171 2155 2230 fratris

338 2271 527 2343 saluti,
556 2282 617 2329 et
655 2270 853 2346 patriae
895 2274 1098 2346 parere
1136 2269 1363 2345 legibus
1410 2266 1581 2344 quam
1624 2269 1924 2344 imperare,
1974 2268 2155 2325 satius
2201 2270 2274 2326 15

340 2366 585 2424 duxerit.
675 2365 810 2422 Hac
856 2376 1071 2434 mente,
1126 2383 1228 2439 per
1269 2365 1633 2439 haruspicem
1677 2382 2155 2437 communemque

342 2462 590 2532 affinem,
620 2459 714 2518 cui
764 2479 941 2532 soror,
986 2478 1060 2516 ex
1113 2458 1334 2515 eisdem
1382 2457 1719 2533 parentibus
1770 2470 1926 2529 nata,
1976 2469 2158 2533 nupta

342 2567 485 2619 erat.
507 2556 736 2614 fratrem
756 2565 1065 2629 tyrannum
1084 2551 1549 2610 interficiendum
1567 2551 1804 2608 curavit.
1888 2550 2020 2626 Ipse
2041 2571 2155 2608 non

340 2649 513 2710 modo
542 2669 747 2708 manus
783 2668 901 2708 non
947 2648 1155 2718 attulit,
1199 2647 1300 2705 sed
1351 2666 1425 2703 ne
1470 2646 1727 2722 aspicere
1767 2645 2000 2721 quidem
2049 2646 2158 2703 fra-

342 2759 570 2806 ternum
610 2746 954 2821 sanguinem
982 2742 1177 2802 voluit.
1262 2741 1438 2815 Nam,
1468 2742 1605 2799 dum
1633 2761 1724 2799 res
1753 2741 2155 2814 conficeretur,
2195 2741 2276 2799 20

343 2841 541 2917 procul
572 2841 631 2897 in
659 2838 926 2917 praesidio
957 2838 1082 2911 fuit,
1120 2857 1195 2895 ne
1243 2836 1372 2912 quis
1418 2837 1647 2895 satelles
1691 2846 1885 2913 posset
1925 2855 2161 2894 succur-

345 2956 486 2995 rere.
570 2937 701 2995 Hoc
729 2935 1229 3012 praeclarissimum
1257 2934 1383 3009 ejus
1412 2933 1638 2991 facinus
1665 2953 1780 2990 non
1823 2931 1946 3008 pari
1989 2932 2160 2989 modo

344 3032 642 3109 probatum
670 3043 759 3090 est
786 3031 859 3088 ab
887 3029 1175 3086 omnibus.
1258 3027 1543 3085 Nonnulli
1569 3026 1726 3083 enim
1754 3027 1948 3083 lassam
1989 3025 2063 3081 ab
2089 3044 2160 3082 eo

344 3126 616 3202 pietatem
641 3126 942 3203 putabant,
962 3137 1021 3183 et
1038 3122 1255 3180 invidia
1276 3122 1508 3179 laudem
1547 3120 1770 3178 virtutis
1801 3119 2157 3177 obterebant.

346 3221 537 3280 Mater
561 3220 694 3280 vero
724 3232 851 3298 post
878 3221 936 3278 id
986 3220 1202 3278 factum
1249 3237 1439 3292 neque
1487 3217 1719 3274 domum
1765 3215 1835 3271 ad
1873 3234 1935 3272 se
1979 3214 2159 3272 filium
2196 3214 2278 3272 25

349 3317 598 3389 admisit,
630 3336 816 3393 neque
856 3315 1097 3391 aspexit,
1138 3314 1278 3390 quin
1324 3333 1456 3371 eum
1506 3310 1856 3370 fratricidam
1900 3310 2162 3386 impium-

348 3432 458 3488 que
486 3413 777 3471 detestans
806 3411 1193 3486 compellaret.
1274 3408 1511 3470 Quibus
1538 3407 1709 3465 rebus
1747 3406 1842 3464 ille
1886 3404 2030 3463 adeo
2075 3418 2163 3464 est

349 3519 687 3578 commotae,
716 3519 780 3565 ut
808 3524 1223 3581 nonnunquam
1264 3504 1394 3562 vitae
1437 3503 1614 3560 finem
1665 3503 1852 3559 facere
1901 3500 2160 3573 voluerit,

351 3614 520 3679 atque
538 3622 610 3660 ex
632 3602 984 3678 ingratorum
1007 3601 1306 3659 hominum
1330 3609 1644 3675 conspectu
1663 3609 1843 3655 morte
1860 3596 2161 3653 decedere.
