2619 4349
350 356 431 416 96
1178 359 1579 412 HAMILCAR.

473 522 637 578 andri
667 521 889 598 Magni,
918 521 1015 596 qui
1056 533 1183 597 post
1236 520 1456 578 obitum
1510 520 1636 595 ejus
1680 514 1920 594 imperia
1967 527 2286 592 ceperunt:

472 616 531 672 in
561 617 650 672 his
699 616 1050 692 Antigonus,
1095 627 1154 673 et
1206 615 1379 690 hujus
1426 614 1578 670 filius
1625 611 1978 683 DemetriuS,
2029 610 2289 685 Lysima-

468 712 634 784 chus,
666 712 966 783 Seleucus,
996 711 1358 768 Ptolemaeus,
1441 709 1533 765 Ex
1585 708 1676 765 his
1719 707 2072 782 Antigonus,
2111 725 2288 780 quum

472 803 744 862 adversus
775 806 1084 862 Seleucum
1113 804 1637 880 Lysimachumque
1660 801 1982 873 dimicaret,
2005 801 2066 858 in
2087 799 2291 875 proelio

389 901 430 957 5
469 900 697 958 occisus
724 911 828 957 est.
911 899 1045 956 Pari
1073 900 1188 956 leto
1218 899 1458 955 affectus
1485 908 1573 954 est
1614 896 1997 971 Lysimachus
2026 913 2061 950 a
2090 895 2290 955 Seleu-

469 1015 556 1053 co.
640 995 794 1052 Nam
823 994 1098 1053 societate
1126 993 1424 1066 dissoluta,
1454 992 1668 1049 bellum
1699 991 1846 1048 inter
1873 1009 1934 1047 se
1962 1002 2287 1066 gesserunt.

471 1091 554 1147 At
580 1089 931 1162 DemetriuS,
960 1109 1135 1164 quum
1164 1088 1342 1146 filiam
1385 1106 1549 1147 suam
1591 1087 1839 1147 Seleuco
1889 1086 1949 1142 in
1999 1085 2293 1143 matrimo-

470 1185 630 1242 nium
686 1184 956 1255 dedisset,
1013 1203 1199 1259 neque
1242 1181 1313 1241 eo
1342 1182 1526 1258 magis
1568 1181 1686 1238 fida
1733 1183 1881 1238 inter
1908 1199 2008 1237 eos
2036 1179 2294 1237 amicitia

472 1300 706 1337 manere
734 1280 1032 1356 potuisset,
1063 1290 1267 1355 captus
1295 1278 1465 1350 bello,
1496 1276 1555 1333 in
1585 1275 1850 1334 custodia
1894 1294 2057 1333 socer
2086 1274 2291 1350 generi

364 1376 432 1432 10
472 1375 641 1450 periit
665 1394 697 1431 a
725 1375 940 1432 morbo.
1023 1374 1230 1449 Neque
1261 1373 1340 1431 ita
1367 1371 1547 1430 multo
1577 1370 1709 1448 post
1737 1372 2019 1429 Seleucus
2048 1389 2083 1426 a
2103 1370 2293 1427 Ptole-

471 1487 616 1526 maeo
665 1469 936 1526 Cerauno
983 1469 1115 1526 dolo
1163 1468 1501 1526 interfectus
1528 1478 1649 1536 est;
1692 1485 1863 1541 quem
1917 1464 2034 1537 ille,
2065 1483 2100 1520 a
2125 1476 2289 1541 patre

472 1564 769 1638 expulsum
802 1563 1194 1635 Alexandrea,
1224 1562 1542 1619 alienarum
1570 1579 1743 1637 opum
1798 1559 2175 1636 indigentem,
2206 1579 2293 1617 re-

472 1668 721 1731 ceperat.
805 1656 939 1732 Ipse
967 1668 1158 1714 autem
1188 1656 1553 1728 Ptolemaeus,
1582 1673 1758 1730 quum
1795 1653 1957 1712 vivus
2003 1654 2121 1712 filio
2164 1674 2292 1730 reg-

474 1769 611 1807 num
640 1750 989 1823 tradidisset,
1010 1751 1083 1806 ab
1111 1750 1209 1809 illo
1234 1751 1441 1809 eodem
1468 1749 1586 1808 vita
1610 1748 1864 1825 privatus
1884 1748 2112 1807 dicitur.
2197 1750 2290 1806 De

361 1843 434 1900 15
474 1844 681 1918 quibus
708 1845 978 1919 quoniam
1006 1843 1145 1902 satis
1172 1844 1392 1903 dictum
1419 1856 1709 1920 putamus,
1725 1863 1843 1902 non
1862 1843 2290 1903 incommodum

475 1927 696 1996 videtur
724 1959 839 1996 non
866 1939 1155 2016 praeterire
1185 1939 1582 1997 Hamilcarem
1609 1950 1669 1998 et
1696 1939 2113 2013 Hannibalem,
2146 1959 2291 2015 quos

473 2045 531 2091 et
581 2032 758 2090 animi
810 2033 1210 2110 magnitudine
1263 2046 1324 2092 et
1365 2034 1681 2092 calliditate
1726 2053 1929 2094 omnes
1976 2035 2035 2092 in
2088 2034 2294 2093 Africa

474 2139 639 2187 natos
665 2127 995 2204 praestitisse
1023 2140 1268 2189 constat.

931 2441 1140 2500 XXII.
1224 2441 1830 2501 HAMILCAR.

551 2595 599 2653 Ι.
681 2596 1013 2671 Hamilcar,
1055 2597 1419 2656 Hannibalis
1440 2598 1635 2675 filius,
1664 2597 1989 2673 cognomine
2031 2597 2291 2671 Bareas,

260 2703 265 2708 ·
358 2689 434 2747 20
479 2688 1002 2765 Carthaginiensis,
1057 2691 1242 2767 primo
1289 2693 1529 2751 Poenico
1570 2693 1743 2766 bello,
1792 2694 1894 2751 sed
1939 2692 2293 2769 temporibus

473 2784 763 2857 extremiS,
810 2785 1117 2843 admodum
1177 2788 1641 2846 adolescentulus
1686 2787 1746 2844 in
1798 2787 2002 2845 Sicilia
2043 2806 2292 2863 praeesse

472 2878 648 2953 coepit
675 2878 971 2937 exercitui.
1050 2879 1252 2942 Quum
1286 2893 1419 2939 ante
1447 2882 1574 2958 ejus
1598 2883 1908 2940 adventum
1935 2893 1991 2940 et
2040 2882 2186 2939 mari
2232 2894 2294 2942 et

474 2972 626 3029 terra
653 2970 804 3029 male
847 2993 937 3031 res
983 2988 1320 3051 gererentur
1368 2976 1959 3052 Carthaginiensium,
2009 2976 2150 3053 ipse,
2191 2976 2294 3033 ubi

476 3066 677 3139 adfuit,
732 3086 1028 3143 nunquam
1083 3069 1234 3128 hosti
1287 3070 1482 3143 cessit,
1537 3090 1727 3146 neque
1790 3070 1984 3129 locum
2036 3071 2291 3128 nocendi

355 3160 434 3218 25
473 3160 670 3231 dedit3
713 3162 980 3238 saepeque
1007 3183 1040 3221 e
1070 3165 1379 3237 contrario,
1419 3166 1727 3224 occasione
1770 3166 1927 3239 data,
1974 3166 2291 3239 lacessivit,

474 3272 809 3330 semperque
832 3257 1087 3331 superior
1129 3257 1412 3317 discessit.
1491 3259 1634 3322 Quo
1684 3261 1856 3333 facto,
1904 3278 2082 3335 quum
2123 3278 2291 3336 paene

471 3350 667 3406 omnia
696 3350 754 3406 in
786 3350 988 3409 Sicilia
1015 3352 1181 3409 Poeni
1210 3353 1556 3428 amisissent,
1586 3355 1682 3414 ille
1712 3355 1961 3432 Erycem
1990 3355 2077 3415 sic
2093 3357 2293 3414 defen-

474 3442 578 3515 dit,
607 3454 671 3500 ut
700 3443 914 3500 bellum
942 3464 1012 3504 eo
1052 3447 1180 3505 loco
1221 3460 1449 3523 gestum
1496 3468 1615 3508 non
1657 3448 1963 3509 videretur.
2047 3450 2294 3510 Interim

475 3537 988 3615 Carthaginienses
1042 3542 1226 3599 classe
1282 3545 1433 3619 apud
1490 3543 1708 3603 insulas
1762 3545 2006 3624 AEgates
2060 3564 2095 3604 a
2146 3546 2295 3606 Caio
