2619 4349
368 385 463 449 60
1231 395 1595 444 DATAMES.

502 554 690 611 omnis
736 553 1089 611 consistebat
1133 555 1369 612 Datami
1399 556 1459 613 in
1483 577 1543 614 se
1567 556 1796 630 locique
1814 553 2051 612 natura:
2081 572 2331 628 namque

504 649 675 723 hujus
701 662 921 724 partem
951 669 1068 707 non
1100 651 1352 708 habebat
1380 650 1711 708 vicesimam
1746 650 2011 707 militum.
2094 648 2330 709 Quibus

503 745 681 802 fretus
709 743 989 817 conflixit,
1020 745 1589 832 adversariorumque
1618 746 1801 803 multa
1826 744 2009 801 millia
2050 742 2328 813 concidit,

499 858 676 913 quum
725 839 797 895 de
842 838 1022 914 ipsius
1069 839 1331 898 exercitu
1374 860 1492 898 non
1538 839 1783 916 amplius
1827 838 2126 896 hominum
2170 837 2329 893 mille

419 935 460 990 5
501 934 811 992 cecidisset
836 955 850 992 ε
891 954 1064 1010 quam
1090 936 1166 993 ob
1194 954 1430 994 causam
1453 947 1682 1012 postero
1702 935 1797 992 die
1814 947 2091 1010 tropaeum
2115 932 2326 1010 posuit,

499 1051 613 1105 quo
665 1031 799 1089 loco
849 1030 1033 1106 pridie
1082 1043 1404 1109 pugnatum
1469 1042 1609 1089 erat.
1692 1030 1855 1088 Hinc
1907 1049 2085 1105 quum
2139 1040 2327 1086 castra

497 1124 787 1198 movisset,
843 1144 1180 1202 semperque
1230 1125 1467 1185 inferior
1511 1124 1713 1201 copiiS,
1757 1123 2016 1201 superior
2057 1122 2327 1181 omnibus
2351 1118 2366 1128 “

496 1220 715 1296 proeliis
757 1220 1102 1293 discederet,
1141 1219 1296 1296 quod
1350 1239 1648 1296 nunquam
1690 1239 1930 1281 manum
1974 1228 2325 1291 consereret,

496 1314 609 1370 nisi
638 1334 813 1389 quum
844 1315 1197 1372 adversarios
1224 1316 1482 1374 locorum
1513 1313 1795 1390 angustiis
1817 1312 2121 1371 clausisset
2144 1310 2324 1387 (quod

385 1410 461 1468 10
497 1408 681 1484 perito
704 1409 1005 1484 regionum
1049 1407 1375 1484 callideque
1424 1407 1705 1484 cogitanti
1748 1405 1900 1484 saepe
1955 1406 2321 1483 accidebat):

496 1504 986 1581 AutophradateS,
1015 1524 1192 1578 quum
1222 1505 1438 1562 bellurn
1467 1503 1606 1560 duci
1634 1503 1851 1579 majore
1895 1501 2084 1578 Regis
2111 1501 2326 1558 calam·

498 1597 657 1667 itate,
684 1595 858 1672 quarn
902 1598 1379 1672 adversariorum,
1423 1598 1663 1670 videret,
1711 1599 1783 1655 ad
1829 1616 2035 1674 pacem
2057 1658 2058 1661 ,
2080 1594 2325 1654 amiciti-

498 1712 702 1767 amque
732 1695 991 1750 hortatus
1034 1705 1141 1766 est,
1187 1704 1253 1752 ut
1297 1713 1431 1752 cum
1476 1694 1649 1771 Rege
1687 1693 1747 1751 in
1796 1692 2040 1771 gratiam
2087 1691 2321 1750 rediret.

495 1787 696 1848 Quam
725 1787 820 1844 ille
848 1787 957 1845 etsi
986 1787 1158 1845 fidam
1190 1808 1305 1846 non
1337 1789 1456 1847 fore
1492 1789 1754 1864 putabat,
1797 1800 1994 1846 tamen
2039 1786 2323 1845 conditio-

383 1881 456 1939 15
496 1901 632 1938 nem
683 1882 929 1957 accepit,
979 1902 1142 1958 seque
1197 1882 1281 1938 ad
1328 1882 1706 1941 Artaxerxem
1760 1884 1979 1957 legatos
2021 1883 2324 1939 missurum

494 1976 655 2035 dixit.
742 1976 843 2033 Sic
873 1977 1107 2049 bellum,
1152 1977 1303 2051 quod
1354 1977 1491 2034 Rex
1539 1974 1813 2034 adversus
1861 1976 2170 2033 Datamem
2200 1995 2323 2033 sus-

492 2082 745 2147 ceperat,
816 2072 1097 2129 sedatum.
1208 2072 1680 2148 Autophradates
1748 2070 1811 2136 in
1882 2070 2192 2148 Phrygiam
2256 2091 2321 2129 se

492 2165 730 2240 recepit.

570 2258 682 2315 IX.
766 2259 847 2317 At
895 2259 1052 2332 Rex,
1100 2258 1255 2335 quod
1292 2260 1658 2337 implacabile
1700 2260 1899 2319 odium
1928 2260 1987 2318 in
2010 2260 2321 2320 Datamem

372 2354 454 2413 20
492 2365 845 2429 susceperat,
872 2365 1173 2429 postquam
1203 2355 1355 2413 bello
1383 2374 1517 2412 eum
1543 2354 1789 2432 opprimi
1832 2375 1950 2415 non
1988 2375 2155 2432 posse
2201 2357 2323 2415 ani-

489 2448 814 2521 madvertit,
872 2448 1097 2506 insidiis
1152 2448 1479 2508 interficere
1524 2450 1779 2510 studuit:
1842 2470 1986 2526 quas
2049 2449 2146 2508 ille
2199 2452 2320 2527 ple-

490 2563 696 2619 rasque
725 2543 938 2602 vitavit.
1023 2544 1209 2618 Sicut,
1232 2564 1410 2621 quum
1465 2545 1797 2604 nuntiatum
1835 2557 2007 2618 esset,
2036 2547 2316 2621 quosdam

489 2638 599 2695 sibi
627 2637 908 2711 insidiari,
938 2638 1037 2713 qui
1064 2639 1126 2696 in
1157 2640 1477 2698 amicorum
1506 2652 1675 2700 erant
1697 2660 1940 2700 numero
1977 2640 2078 2718 (de
2106 2640 2316 2716 quibus

488 2733 639 2807 quod
668 2732 892 2789 inimici
920 2733 1266 2806 detulerant,
1298 2753 1487 2809 neque
1520 2735 1900 2808 credendum,
1944 2754 2131 2810 neque
2175 2755 2317 2812 neg-

368 2826 449 2883 25
489 2826 788 2901 ligendum
841 2825 1132 2904 putavit);
1201 2826 1451 2902 experiri
1526 2827 1723 2900 voluit,
1778 2848 1976 2886 verum
2030 2831 2314 2888 falsumne

487 2931 641 2978 esset
689 2921 950 2979 relatum.
1054 2920 1259 2997 Itaque
1314 2940 1385 2979 eo
1436 2921 1730 2997 profectus
1781 2933 1890 2996 est,
1945 2943 2058 2998 quo
2107 2924 2317 2984 itinere

489 3016 710 3073 futuras
732 3015 973 3074 insidias
1001 3015 1282 3076 dixerant.
1368 3017 1486 3075 Sed
1525 3016 1703 3092 elegit
1744 3036 1981 3092 corpore
2010 3028 2068 3076 et
2096 3021 2314 3077 statura

485 3108 857 3182 simillimum,
889 3110 1000 3182 sui,
1050 3109 1219 3187 eique
1262 3110 1532 3169 vestitum
1580 3130 1749 3167 suum
1792 3110 1973 3183 dedit,
2024 3122 2194 3187 atque
2242 3134 2315 3173 eo

484 3204 614 3261 loco
643 3203 746 3276 ire,
775 3223 888 3279 quo
918 3204 1039 3278 ipse
1057 3217 1457 3277 consueverat,
1466 3204 1654 3280 jussit.
1737 3205 1871 3281 Ipse
1896 3217 2087 3265 autem
2105 3221 2314 3267 ornatu

367 3298 447 3357 30
491 3296 866 3377 [vestituque]
918 3296 1152 3355 militari
1202 3298 1352 3358 inter
1379 3298 1635 3375 corporis
1662 3301 1932 3358 custodes
1970 3300 2077 3360 iter
2121 3304 2313 3363 facere

486 3392 678 3470 coepit.
762 3395 846 3452 At
872 3392 1258 3467 insidiatores,
1287 3405 1590 3471 postquam
1619 3394 1679 3453 in
1708 3415 1842 3453 eum
1869 3396 2061 3455 locum
2102 3416 2313 3474 agmen

483 3487 765 3565 pervenit,
803 3488 1033 3565 decepti
1073 3488 1277 3547 ordine
1316 3501 1486 3566 atque
1524 3490 1753 3565 vestitu,
1804 3490 1865 3550 in
1913 3511 2047 3549 eum
2092 3493 2315 3553 faciunt

484 3582 782 3660 impetum,
836 3582 935 3659 qui
989 3584 1317 3662 suppositus
1369 3597 1508 3645 erat.
1590 3585 1944 3647 Praedixerat
1981 3600 2172 3647 autem
2221 3589 2314 3649 his
