2619 4349
1148 436 1347 487 moN.
2194 430 2270 490 ⁴1

331 608 420 656 ret
446 595 924 655 Atheniensibus.
1006 596 1077 655 Id
1105 616 1285 671 quum
1312 594 1508 655 minus
1534 597 1844 674 diligenter
1870 608 2026 657 esset
2060 616 2155 657 ce-

332 691 532 764 latum,
561 691 900 765 Tiribazus,
927 691 1027 766 qui
1069 692 1354 750 Sardibus
1391 703 1657 769 praeerat,
1692 692 1997 751 Cononem
2024 711 2155 752 evo-

332 786 507 860 cavit,
535 787 834 860 simulans,
865 788 937 844 ad
966 788 1197 864 Regem
1224 808 1360 847 eum
1387 808 1451 847 se
1477 789 1706 849 mittere
1753 789 1899 847 velle
1942 786 2158 865 magna

332 882 407 939 de
435 901 514 939 re.
599 882 795 958 Hujus
822 883 1028 942 nuntio
1053 903 1264 960 parens
1289 903 1466 960 quum
1509 884 1783 958 venisset,
1812 883 1874 942 in
1920 883 2158 942 vincula

332 977 636 1053 conjectus
688 990 796 1051 est,
852 978 913 1035 in
965 979 1175 1053 quibus
1230 979 1565 1055 aliquandiu
1618 979 1745 1039 fuit.
1845 977 2154 1052 Nonnulli,
2195 973 2235 1030 5

333 1092 467 1130 eum
491 1074 564 1131 ad
592 1073 824 1151 Regem
854 1075 1189 1148 abductum,
1217 1074 1412 1151 ibique
1438 1074 1677 1152 perisse,
1707 1074 1988 1151 scriptum
2029 1073 2160 1133 reli-

331 1183 597 1242 querunt.
679 1169 901 1228 Contra
926 1189 1000 1227 ea
1025 1170 1231 1227 Dinon
1253 1168 1583 1243 historicus,
1601 1169 1700 1228 cui
1720 1189 1828 1228 nos
1843 1166 2158 1247 plurimum

332 1263 409 1318 de
462 1262 712 1321 Persicis
764 1265 939 1323 rebus
991 1265 1302 1338 credimus,
1358 1265 1653 1342 effugisse,
1703 1264 1972 1342 scripsit:
2016 1262 2159 1322 illud

336 1355 657 1432 addubitat,
697 1358 890 1418 utrum
928 1360 1213 1418 Tiribazo
1266 1359 1492 1418 sciente
1545 1379 1621 1418 an
1674 1360 2041 1438 imprudente
2083 1357 2159 1419 sit

339 1452 575 1510 factum.
2203 1454 2276 1510 10

1001 1765 1081 1824 X.
1164 1764 1438 1823 DION

415 1923 464 1981 Ι.
538 1923 721 1996 Dion,
747 1908 1079 2000 Hipparini
1076 1922 1271 1999 filius,
1295 1922 1725 1998 Syracusanus,
1744 1922 1926 1980 nobili
1942 1942 2158 1998 genere

337 2032 527 2091 natuS,
608 2018 848 2094 utraque
929 2018 1258 2093 implicatus
1339 2017 1645 2092 tyrannide
1726 2016 2155 2092 Dionysiorum.

337 2113 606 2190 Namque
651 2113 746 2171 ille
783 2112 1042 2189 superior
1103 2111 1577 2184 Aristomachen,
1625 2130 1877 2169 sororem
1925 2111 2156 2187 Dionis,

228 2263 233 2270 ,
337 2210 539 2269 habuit
567 2210 626 2266 in
655 2208 1053 2267 matrimonio:
1095 2227 1168 2265 ex
1206 2208 1322 2283 qua
1363 2207 1509 2266 duos
1556 2207 1724 2281 filios,
1767 2207 2158 2285 Hipparinum

335 2317 396 2363 et
423 2304 721 2379 Nysaeum,
749 2303 1103 2379 procreavit:
1162 2302 1517 2377 totidemque
1565 2302 1731 2376 filias,
1774 2303 2008 2361 nomine
2055 2304 2159 2363 So·
2203 2305 2277 2362 15

336 2401 665 2475 phrosynen
705 2410 764 2457 et
805 2399 1062 2456 Areten:
1103 2417 1349 2472 quarum
1396 2398 1646 2474 priorem
1691 2397 1975 2473 Dionysio
2017 2398 2156 2473 filio,

290 2545 294 2550 ,
336 2494 528 2553 eidem
576 2494 671 2552 cui
727 2512 972 2570 regnum
1025 2494 1274 2570 reliquit,
1343 2506 1590 2570 nuptum
1660 2493 1840 2565 dedit,
1896 2494 2158 2568 alteram,

338 2592 582 2663 Areten,
612 2590 808 2647 Dioni.
891 2589 1049 2647 Dion
1079 2599 1273 2646 autem
1299 2601 1507 2664 praeter
1539 2587 1792 2645 nobilem
1830 2587 2161 2665 propinqui-

336 2696 536 2757 tatem,
585 2703 1039 2761 generosamque
1084 2683 1370 2760 'majorum
1420 2686 1652 2755 famam,
1702 2683 1884 2742 multa
1928 2683 2044 2742 alia
2088 2684 2162 2742 ab

336 2780 545 2838 natura
598 2780 802 2838 habuit
847 2780 1033 2838 bona:
1097 2779 1157 2837 in
1211 2778 1303 2837 his
1356 2779 1656 2855 ingenium
1712 2779 1921 2851 docile,
1972 2798 2160 2854 come,
2200 2779 2279 2838 20

339 2886 534 2950 aptum
562 2876 634 2932 ad
666 2887 816 2934 artes
855 2875 1134 2950 optimas;
1177 2894 1450 2951 magnam
1499 2874 1756 2949 corporis
1794 2873 2163 2951 dignitatem,

336 2989 463 3045 quoe
492 2990 606 3029 non
637 2968 942 3028 minimum
972 2970 1379 3041 commendat;
1422 2989 1666 3046 magnas
1695 2981 1975 3045 praeterea
2021 2970 2165 3028 divi-

336 3065 448 3122 tias
477 3084 511 3121 a
530 3075 691 3140 patre
713 3064 964 3138 relictas,
985 3083 1128 3138 quas
1151 3064 1272 3140 ipse
1289 3063 1522 3138 tyranni
1546 3063 1882 3121 muneribus
1906 3075 2160 3123 auxerat.

339 3158 482 3217 Erat
510 3159 748 3217 intimus
773 3159 1055 3235 Dionysio
1075 3158 1271 3235 priori,
1289 3178 1478 3234 neque
1496 3156 1691 3217 minus
1707 3169 1937 3235 propter
1954 3177 2161 3233 mores,
2179 3155 2180 3162 '

338 3250 512 3328 quAm
542 3253 894 3313 affinitatem.
980 3253 1249 3330 Namque
1277 3253 1389 3312 etsi
1433 3253 1702 3329 Dionysii
1750 3254 2066 3313 crudelitas
2108 3253 2164 3313 ei
2203 3254 2281 3313 25

339 3348 704 3425 displicebat,
732 3361 926 3408 tamen
957 3351 1178 3407 salvum
1206 3369 1336 3408 esse
1371 3361 1602 3426 propter
1645 3349 2164 3422 necessitudinem,

340 3444 526 3519 magis
552 3443 728 3502 etiam
756 3463 990 3503 suorum
1019 3447 1219 3518 causa,
1243 3445 1530 3503 studebat.
1616 3445 1838 3502 Aderat
1853 3443 1911 3500 in
1936 3444 2165 3520 magnis

340 3538 545 3608 rebus3
603 3538 842 3614 ejusque
896 3541 1140 3599 consilio
1189 3537 1435 3599 multum
1484 3540 1818 3598 movebatur
1862 3551 2163 3614 tyrannus,

297 3625 305 3652 ³
342 3631 455 3690 nisi
481 3633 594 3708 qud
619 3631 678 3690 in
707 3652 769 3691 re
797 3635 977 3710 major
1006 3636 1187 3711 ipsius
1228 3635 1519 3712 cupiditas
1552 3634 1972 3693 intercesserat.
2056 3633 2167 3692 Le-

735 3729 775 3786 4
803 3728 838 3763 ιι
