2619 4349
351 399 432 459 28
1145 408 1602 460 ALCIBIADES.

470 581 584 643 tar,
638 567 800 645 prius
846 569 1021 649 quam
1071 569 1274 629 classis
1317 569 1521 643 exiret,
1569 567 1804 641 accidit,
1848 578 1914 627 ut
1961 567 2082 627 una
2130 580 2304 629 nocte

468 684 672 724 omnes
701 664 958 738 Hermas,
981 666 1080 741 qui
1108 665 1169 723 in
1197 665 1411 743 oppido
1438 677 1604 724 erant
1653 664 1927 737 AtheniS,
1976 664 2305 742 dejiceren-

469 771 582 833 tur,
639 772 844 837 praeter
898 781 1101 836 unum,
1155 761 1256 838 qui
1311 773 1445 820 ante
1494 761 1736 838 januam
1804 771 1931 819 erat
1984 761 2302 820 Andocidi.

469 855 674 932 Itaque
718 856 814 913 ille
858 868 1059 933 postea
1108 856 1442 915 Mercurius
1490 856 1818 915 Andocidis
1865 857 2150 916 vocitatus
2196 868 2302 917 est.

389 951 431 1009 5
471 950 605 1010 Hoc
632 970 809 1026 quum
839 964 1140 1029 appareret
1167 973 1285 1011 non
1316 953 1441 1010 sine
1471 952 1685 1030 magna
1716 953 2028 1011 multorum
2061 973 2306 1012 consen·

472 1047 634 1106 sione
664 1068 792 1106 esse
823 1049 1061 1122 factum,
1090 1047 1244 1125 quod
1275 1068 1394 1107 non
1419 1049 1491 1106 ad
1519 1049 1821 1125 privatam,
1852 1049 1955 1107 sed
2004 1049 2075 1106 ad
2119 1049 2306 1127 publi-

469 1162 598 1202 cam
627 1164 750 1202 rem
776 1145 1128 1221 pertineret3
1173 1163 1421 1225 magnus
1470 1144 1828 1204 multitudini
1870 1145 2041 1204 timor
2083 1157 2172 1204 est
2219 1146 2305 1203 in-

465 1239 677 1315 janus,
728 1259 918 1316 nequa
963 1241 1268 1316 repentina
1316 1241 1402 1298 vis
1447 1241 1507 1298 in
1557 1241 1791 1300 civitate
1839 1241 2131 1315 existeret,
2176 1261 2304 1317 quae

426 1334 794 1404 slibertatem
823 1335 1171 1411 opprimeret
1208 1336 1423 1413 populi.
1510 1336 1644 1395 Hoc
1688 1335 1941 1395 maxime
1988 1338 2302 1395 convenire

356 1429 431 1487 10
474 1428 532 1486 in
563 1429 932 1487 Alcibiadem
984 1431 1306 1504 videbatur,
1357 1430 1513 1507 quod
1563 1444 1623 1490 et
1668 1432 1957 1508 potentior
1997 1444 2057 1491 et
2098 1433 2302 1509 major,

470 1523 644 1601 quam
671 1525 946 1602 privatuS,
977 1526 1434 1585 existimabatur.
1521 1526 1743 1586 Multos
1771 1528 1928 1586 enim
1958 1528 2305 1589 liberalitate

473 1621 826 1693 devinxerat,
856 1622 1049 1698 plures
1099 1622 1274 1680 etiam
1318 1624 1495 1699 opera
1533 1624 1748 1681 forensi
1792 1643 1927 1681 suos
1954 1624 2302 1684 reddiderat.

468 1718 673 1780 Quare
703 1718 896 1790 fiebat,
926 1729 990 1776 ut
1016 1718 1278 1776 omnium
1305 1719 1526 1792 oculoS,
1556 1720 2013 1795 quotiescunque
2037 1719 2118 1776 ‘in
2162 1720 2305 1796 pub-

470 1814 648 1872 licum
677 1812 980 1891 prodisset,
1013 1815 1085 1871 ad
1131 1835 1192 1872 se
1241 1800 1625 1889 converteret,
1675 1835 1863 1891 neque
1907 1816 1963 1873 ei
2009 1834 2112 1893 par
2154 1816 2307 1893 quis·

359 1913 432 1970 15
471 1930 644 1987 quam
693 1911 754 1968 in
799 1909 1031 1968 civitate
1078 1923 1408 1987 poneretur.
1493 1910 1696 1988 Itaque
1745 1931 1864 1969 non
1914 1910 2101 1970 solum
2144 1931 2306 1989 spem

471 2008 532 2066 in
561 2028 631 2066 eo
659 2007 952 2065 habebant
979 2007 1311 2080 maximam,
1336 2008 1438 2065 sed
1486 2007 1663 2066 etiam
1713 2007 1998 2082 timorem,
2048 2006 2203 2084 quod
2247 2021 2306 2068 et

470 2106 675 2163 obesse
728 2100 1042 2182 plurimum
1091 2114 1150 2162 et
1202 2104 1477 2181 prodesse
1523 2115 1764 2181 poterat.
1870 2105 2306 2183 Aspergebatur

470 2192 646 2261 etiam
674 2201 937 2274 infamia,
966 2198 1121 2276 quod
1152 2200 1213 2258 in
1241 2202 1414 2260 domo
1442 2200 1549 2258 sna
1600 2201 1793 2260 facere
1839 2201 2115 2278 mysteria
2150 2201 2307 2260 dice-

471 2299 640 2356 batur
665 2317 678 2355 ε
721 2296 873 2373 quod
902 2297 1066 2355 nefas
1094 2307 1218 2355 erat
1244 2314 1405 2355 more
1434 2297 1889 2355 Atheniensium
1914 2317 1928 2369 3
1972 2297 2148 2375 idque
2182 2317 2302 2357 non

351 2395 432 2453 20
475 2394 547 2452 ad
575 2391 935 2475 religionem,
965 2392 1068 2450 sed
1099 2393 1171 2450 ad
1213 2392 1673 2470 conjurationem
1696 2393 1986 2471 pertinere
2009 2394 2303 2455 existima-

472 2491 660 2549 batur.

474 2609 475 2612 ¹
550 2586 656 2645 IV.
743 2586 876 2645 Hoc
906 2585 1152 2644 crimine
1183 2585 1244 2644 in
1276 2586 1563 2646 concione
1593 2588 1667 2646 ab
1708 2588 1963 2647 inimicis
1999 2588 2306 2665 compella-

472 2684 658 2742 batur.
744 2683 862 2740 Sed
912 2683 1164 2741 instabat
1213 2694 1441 2760 tempus
1490 2685 1562 2741 ad
1611 2684 1829 2743 bellum
1876 2683 2302 2760 proficiscendi.

471 2778 542 2836 Id
573 2777 669 2836 ille
697 2776 953 2851 intuenS‚
983 2797 1171 2853 neque
1211 2778 1488 2855 ignorans
1531 2778 1746 2836 civium
1785 2797 2019 2837 suorum
2062 2798 2307 2837 consue·

352 2876 439 2935 25.
472 2875 756 2947 tudinem,
783 2874 1130 2951 postulabat,
1159 2885 1243 2947 ut,
1274 2873 1323 2932 si
1366 2873 1504 2950 quid
1534 2874 1606 2931 de
1636 2893 1698 2931 se
1728 2873 1823 2949 agi
1850 2871 2083 2945 vellent,
2113 2872 2306 2949 potius

472 2972 545 3029 de
593 2982 876 3049 praesente
925 2970 1165 3046 quaestio
1208 2971 1539 3041 haberetur,
1594 2965 1767 3043 quam
1814 2968 2024 3025 absens
2060 2967 2303 3025 invidias

472 3067 718 3126 crimine
746 3077 1134 3125 accusaretur.
1174 3083 1178 3086 ·
1218 3064 1455 3123 Inimici
1505 3062 1640 3121 vero
1691 3063 1837 3138 ejus,
1886 3062 2303 3137 quiescendum

473 3163 534 3222 in
562 3161 854 3240 praesenti,
882 3161 1018 3235 quia
1045 3160 1242 3217 noceri
1272 3178 1390 3218 non
1418 3177 1586 3235 posse
1616 3156 2037 3233 intelligebant,
2075 3168 2135 3215 et
2162 3156 2304 3213 illud

471 3272 701 3335 tempus
729 3255 1178 3333 expectandum,
1214 3254 1618 3326 decreverunt,
1667 3271 1781 3327 quo
1822 3248 2058 3326 exisset,
2104 3263 2169 3310 ut
2217 3251 2305 3310 sic

353 3358 434 3417 30
475 3356 772 3413 absentem
804 3350 1298 3427 aggrederentur:
1342 3347 1536 3423 itaque
1586 3348 1868 3406 fecerunt.
1952 3346 2109 3405 Nam
2151 3358 2338 3423 post-.

472 3459 646 3527 quam
670 3448 729 3506 in
760 3447 1023 3505 Siciliam
1047 3464 1180 3503 eum
1207 3443 1540 3521 pervenisse
1562 3444 1960 3517 crediderunt,
1982 3446 2303 3519 absentem,

472 3545 624 3624 quod
652 3564 816 3604 sacra
839 3542 1129 3617 violasset,
1159 3561 1324 3601 reum
1371 3542 1649 3599 fecerunt.
1732 3540 1877 3603 Qua
1905 3540 1979 3597 de
2020 3558 2084 3598 re
2127 3557 2305 3615 quum

472 3643 528 3701 ei
576 3641 817 3701 nuntius
863 3660 896 3699 a
942 3639 1283 3718 magistratu
1338 3638 1398 3697 in
1450 3637 1711 3697 Siciliam
1767 3637 1978 3696 missus
2025 3649 2198 3709 esset,
2243 3647 2306 3696 ut
