2619 4349
343 426 425 485 58
470 408 477 415 ’
1196 436 1562 486 DATAMns.

458 606 654 652 netem
683 593 965 652 exercitui
994 594 1269 671 praefecit.
1356 595 1491 670 Ipse
1536 614 1672 652 cum
1721 593 1843 651 suis
1886 592 1947 650 in
1992 593 2298 670 Cappado-

457 689 608 769 ciam
638 688 891 747 discedit
913 710 928 759 3
974 689 1463 765 conjunctamque
1487 689 1626 746 huic
1643 688 2101 767 Paphlagoniam
2122 707 2297 746 occu·

456 796 575 858 pat,
617 784 817 841 celans
854 784 967 859 qua
1010 785 1302 842 voluntate
1349 796 1503 842 esset
1546 783 1607 840 in
1657 785 1910 860 Regem,
1956 784 2109 841 clam
2158 801 2294 840 cum

457 878 865 936 Ariobarzane
915 878 1055 937 sacit
1099 878 1435 952 amicitiam,
1474 897 1714 936 manum
1761 890 2076 955 comparat,
2120 879 2296 937 urbes

375 974 416 1029 5
458 973 710 1031 munitas
738 974 858 1032 suis
885 975 1134 1032 tuendas
1161 974 1354 1032 tradit.

535 1067 642 1125 VI.
728 1069 845 1126 Sed
884 1070 1012 1126 haec
1053 1081 1283 1146 propter
1333 1068 1583 1126 hiemale
1627 1080 1856 1145 tempus
1905 1065 2099 1126 minus
2137 1088 2297 1144 pros-

453 1161 591 1239 pere
620 1164 1032 1240 procedebant.
1116 1163 1322 1237 Audit,
1352 1163 1579 1221 Pisidas
1626 1164 1905 1238 quasdam
1952 1163 2151 1239 copias
2195 1163 2298 1220 ad-

456 1256 655 1315 versus
703 1278 765 1314 se
818 1278 1057 1334 parare3
1117 1258 1299 1315 filium
1349 1257 1421 1315 eo
1474 1258 1805 1315 Arsidaeum
1854 1277 1988 1315 cum
2032 1258 2293 1316 exercitu

455 1352 646 1410 mittit.
731 1353 907 1411 Cadit
957 1353 1018 1410 in
1061 1353 1265 1429 proelio
1315 1352 1673 1411 adolescens,
1774 1351 2174 1410 Proficiscitur
2218 1350 2292 1410 eo

341 1446 415 1503 10
454 1458 637 1521 pater,
667 1467 782 1505 non
814 1447 894 1505 ita
915 1467 1051 1504 cum
1073 1449 1287 1524 magna
1309 1467 1509 1520 manu,
1529 1448 1749 1520 celanS,
1778 1458 2061 1522 quantum
2083 1448 2294 1505 vulnus
2324 1470 2329 1474 ·

454 1542 800 1616 accepisset3
844 1541 998 1617 quod
1042 1540 1203 1617 prius
1247 1543 1321 1599 ad
1370 1542 1595 1600 hostem
1642 1540 1944 1616 pervenire
1989 1541 2288 1617 cupiebat,

453 1634 627 1712 quam
665 1638 737 1693 de
787 1656 848 1693 re
897 1635 1049 1694 male
1093 1636 1260 1714 gesta
1305 1638 1461 1694 fama
1509 1636 1582 1692 ad
1626 1656 1760 1694 suos
1797 1635 2163 1712 perveniret:
2206 1654 2287 1692 ne

456 1731 692 1807 cognita
724 1731 827 1788 filii
855 1743 1037 1789 morte
1082 1731 1261 1788 animi
1306 1731 1746 1788 debilitarentur
1794 1730 2061 1787 militum.
2144 1727 2289 1791 Quo

455 1827 854 1898 contenderat,
883 1827 1164 1902 pervenit,
1197 1827 1399 1901 hisque
1421 1826 1566 1884 locis
1594 1837 1787 1883 castra
1812 1825 1999 1900 ponit,
2018 1836 2084 1883 ut
2099 1844 2291 1901 neque

339 1921 413 1979 15
455 1920 749 1978 circumiri
777 1920 1148 1979 multitudine
1196 1920 1653 1979 adversariorum
1700 1930 1916 1996 posset,
1962 1940 2150 1995 neque
2188 1921 2294 1977 im·

450 2015 658 2092 pediri,
714 2014 828 2091 quo
884 2014 1080 2074 minus
1137 2017 1209 2073 ad
1284 2015 1685 2072 dimicandum
1750 2033 1987 2071 manum
2051 2015 2294 2074 haberet

451 2111 799 2187 expeditam.
885 2110 1029 2169 Erat
1077 2130 1212 2167 cum
1257 2130 1329 2168 eo
1373 2109 1884 2168 Mithrobarzanes
1928 2129 2093 2167 socer
2141 2110 2289 2187 ejuS,

448 2209 757 2282 praefectus
811 2205 1090 2281 equitum.
1195 2206 1276 2278 Is,
1334 2205 1653 2281 desperatis
1707 2205 1911 2281 generi
1964 2206 2158 2279 rebuS,
2216 2206 2290 2263 ad

452 2302 647 2359 hostes
675 2301 1002 2376 transfugit.
1088 2300 1159 2357 Id
1189 2300 1469 2358 Datames
1499 2311 1563 2357 ut
1602 2300 1841 2373 audivit,
1886 2300 2088 2373 sensit,
2130 2299 2179 2358 si
2223 2300 2286 2357 in

330 2397 411 2455 20
450 2396 678 2455 turbam
706 2395 941 2468 exisset,
973 2396 1044 2453 ab
1073 2395 1307 2453 homine
1336 2406 1454 2453 tam
1501 2395 1833 2453 necessario
1881 2415 1944 2453 se
1988 2395 2280 2469 relictum,

452 2491 727 2562 futurum,
773 2501 837 2548 ut
881 2490 1076 2547 caeteri
1105 2489 1413 2548 consilium
1457 2502 1853 2565 sequerentur.
1953 2490 2026 2547 In
2071 2491 2278 2565 vulgus

449 2585 570 2643 edit
594 2604 608 2643 :
651 2585 938 2660 suojussu
966 2585 1498 2643 Mithrobarzanem
1515 2584 1843 2661 profectum
1859 2605 1975 2661 pro
1992 2583 2279 2662 perfuga,

450 2677 562 2755 quo
574 2678 858 2755 facilins,
888 2689 1166 2756 receptas,
1190 2680 1537 2757 interficeret
1564 2681 1764 2738 hostes,
1856 2680 2059 2749 Quare
2107 2680 2274 2737 relin-

449 2774 550 2849 qui
577 2794 697 2831 eum
725 2794 835 2831 non
869 2794 993 2850 par
1029 2795 1166 2847 esse,
1196 2783 1250 2832 et
1292 2795 1476 2831 omnes
1520 2774 1815 2851 confestim
1842 2777 2017 2849 sequi.
2110 2774 2291 2843 Quod

329 2868 409 2925 25
449 2869 502 2924 si
529 2869 718 2926 animo
746 2878 974 2926 strenuo
1005 2868 1313 2945 fecissent,
1342 2867 1639 2944 futurum,
1689 2875 1754 2924 ut
1802 2868 2130 2925 adversarii
2172 2889 2285 2926 non

436 2972 675 3038 possent
703 2965 983 3037 resistere,
1013 2983 1182 3039 quum
1211 2972 1264 3020 et
1292 2964 1455 3019 intra
1482 2963 1692 3020 vallum
1720 2971 1774 3019 et
1804 2960 1970 3037 foris
2010 2963 2288 3020 ccederen-

447 3064 561 3114 tur.
646 3058 780 3115 Hac
827 3076 890 3115 re
917 3057 1180 3132 probata,
1231 3056 1549 3115 exercitum
1596 3056 1814 3128 educit,
1863 3056 2287 3115 Mithrobarza-

447 3169 581 3208 nem
609 3151 969 3227 persequitur
993 3171 1008 3221 3
1050 3151 1149 3226 qui
1177 3150 1405 3210 tantum
1433 3149 1589 3225 quod
1616 3151 1684 3207 ad
1711 3151 1905 3209 hostes
1921 3165 2282 3227 pervenerat,

447 3243 724 3301 Datames
753 3244 922 3321 signa
950 3244 1148 3302 inferri
1167 3245 1351 3318 jubet.
1438 3243 1669 3317 Pisidae,
1699 3247 1849 3302 nova
1871 3259 1954 3302 re*
1978 3248 2273 3322 commoti,

327 3340 408 3397 30
448 3338 509 3395 in
535 3338 868 3413 opinionem
900 3339 1288 3411 adducuntur,
1332 3340 1607 3416 perfugas
1649 3340 1803 3397 mala
1844 3340 1956 3397 fide
2002 3344 2283 3417 composi-

445 3431 620 3508 toque
698 3432 928 3505 fecisse,
984 3445 1069 3505 ut,
1125 3433 1367 3509 recepti,
1424 3446 1619 3492 essent
1693 3434 1900 3511 majori
1947 3435 2281 3495 calamitati.

446 3526 708 3596 Primum
736 3547 835 3585 eos
865 3527 1222 3587 adoriuntur.
1309 3528 1405 3587 Illi
1433 3549 1632 3605 quum,
1662 3530 1800 3605 quid
1850 3543 2138 3606 ageretur,
2185 3542 2285 3592 aut

446 3641 623 3700 quare
646 3624 829 3698 fieret,
876 3624 1228 3701 ignorarent,
1275 3625 1466 3683 coacti
1517 3637 1652 3684 sunt
1692 3645 1827 3683 cum
1871 3624 1958 3682 eis
1997 3644 2281 3702 pugnare,
