2619 4349
364 415 407 472 6
1178 424 1598 474 MILTIADES.

482 584 660 642 Iones
688 584 903 640 Sardes
930 584 1383 660 expugnassent,
1414 604 1632 660 suaque
1658 584 1930 661 praesidia
1966 585 2293 646 interfeci&

483 690 630 737 sent.
715 678 809 735 Illi
835 680 1096 755 praefecti
1124 680 1326 755 Regii,
1371 681 1557 737 classe
1588 682 1662 737 ad
1701 681 1987 739 Euboeam
2029 683 2293 759 appulsa,

483 774 750 832 celeriter
773 774 1061 832 Eretriam
1089 786 1390 850 ceperunt,
1418 795 1733 850 omnesque
1753 775 1882 851 ejus
1908 777 2100 852 gentis
2136 778 2296 837 cives

482 870 748 945 abreptos
778 869 836 926 in
862 869 1066 926 Asiam
1096 871 1167 926 ad
1197 870 1429 946 Regem
1458 870 1757 928 miserunt.
1843 870 1993 929 Inde
2025 873 2099 929 ad
2144 872 2296 931 Atti-

399 968 440 1024 5
480 982 611 1023 cam
634 978 1025 1039 accesserunt,
1050 984 1120 1023 ac
1148 986 1284 1024 suas
1312 967 1510 1043 copias
1538 966 1599 1023 in
1628 985 1900 1043 campum
1944 966 2297 1028 Marathona

481 1063 862 1121 deduxerunt.
947 1061 1008 1120 Is
1037 1064 1201 1121 abest
1229 1064 1302 1120 ab
1328 1065 1539 1139 oppido
1560 1063 1792 1122 circiter
1820 1058 2003 1122 millia
2021 1084 2297 1140 passuum

480 1159 704 1217 decem.
786 1159 923 1217 Hoc
950 1159 1200 1217 tumultu
1224 1159 1619 1217 Athenienses
1648 1170 1765 1217 tam
1793 1159 2115 1236 propinquo
2154 1174 2299 1220 tam-

479 1274 591 1329 que
624 1274 839 1331 magno
864 1254 1130 1330 permoti,
1161 1254 1438 1312 auxilium
1487 1273 1773 1330 nusquam
1817 1255 1932 1313 nisi
1961 1274 1996 1313 a
2022 1255 2297 1313 Lacedae·

480 1350 693 1408 moniis
705 1350 1051 1426 petiverunt,
1071 1350 1571 1425 Philippidemque
1584 1370 1878 1409 cursorem
1899 1351 2028 1427 ejus
2043 1351 2297 1427 generis,

367 1445 441 1503 10
479 1446 578 1521 qui
607 1445 1027 1504 hemerodromi
1056 1455 1353 1517 vocantur,
1384 1445 1874 1503 Lacedaemonem
1902 1446 2203 1519 miserunt,
2233 1458 2298 1506 ut

478 1542 793 1614 nuntiaret,
821 1539 996 1616 quam
1023 1541 1201 1598 celeri
1227 1559 1373 1616 opus
1400 1553 1554 1600 esset
1582 1541 1813 1599 auxfiio.
1899 1541 2074 1599 Domi
2103 1554 2297 1601 autem

479 1647 681 1694 creant
707 1637 913 1692 decem
939 1648 1230 1711 praetoreS‚
1260 1635 1359 1710 qui
1395 1637 1680 1695 exercitui
1725 1646 2059 1713 praeessent,
2105 1637 2165 1694 in
2209 1637 2298 1696 eis

480 1730 825 1789 Miltiadem.
909 1730 1070 1789 Inter
1111 1751 1254 1806 quos
1298 1750 1511 1807 magna
1565 1733 1675 1791 fuit
1728 1731 2045 1802 contentio,
2101 1731 2296 1792 utrum

479 1827 768 1884 moenibus
820 1846 882 1884 se
929 1828 1331 1901 defenderent,
1398 1846 1473 1884 an
1530 1825 1761 1885 obviam
1820 1828 1971 1885 irent
2030 1828 2296 1887 hostibus

364 1924 439 1982 15
479 1922 718 1998 acieque
736 1923 1134 1981 decernerent.
1202 1923 1371 1981 Unus
1394 1921 1688 1980 Miltiades
1710 1920 1959 1979 maxime
1983 1921 2296 1997 nitebatur,

477 2031 543 2077 ut
562 2020 747 2095 primo
766 2039 994 2095 quoque
1030 2032 1287 2095 tempore
1331 2031 1523 2078 castra
1565 2019 1787 2093 fierent.
1873 2018 1944 2075 Id
1983 2018 2032 2075 si
2076 2020 2294 2077 factum

476 2126 649 2188 esset,
676 2125 737 2173 et
763 2115 988 2173 civibus
1016 2117 1271 2172 animum
1304 2132 1698 2186 accessurum,
1726 2134 1903 2189 quum
1932 2113 2194 2171 viderent
2222 2115 2296 2172 de

476 2229 678 2268 eorum
721 2211 931 2269 virtute
966 2230 1084 2268 non
1127 2209 1441 2285 desperari,
1474 2220 1545 2266 et
1578 2210 1771 2268 hostes
1818 2209 2025 2266 eadem
2068 2230 2132 2268 re
2175 2211 2296 2269 fore

336 2381 343 2385 ἢ
476 2306 776 2379 tardioreS,
819 2305 869 2364 si
909 2306 1451 2376 animadverterent,
1501 2303 1705 2361 auderi
1747 2302 2026 2363 adversus
2071 2326 2134 2364 se
2177 2317 2295 2366 tam

358 2402 439 2462 20
477 2402 704 2478 exiguis
727 2401 909 2478 copiis
931 2400 1228 2458 dimicare.

552 2498 629 2555 V.
713 2496 847 2554 Hoc
896 2495 956 2552 in
1019 2507 1276 2569 tempore
1334 2494 1496 2552 uuila
1562 2494 1767 2554 civitas
1831 2495 2295 2555 Atheniensibus

478 2591 693 2650 auxilio
713 2591 823 2649 fuit
847 2601 1053 2665 praeter
1079 2589 1457 2649 P-lataeenses.=
1532 2588 1626 2648 Ea
1643 2589 1802 2648 mille
1830 2589 1986 2648 misit
2027 2589 2293 2646 militum.

476 2685 682 2761 Itaque
731 2686 937 2743 horum
976 2685 1231 2744 adventu
1278 2684 1484 2742 decem
1525 2684 1708 2744 millia
1750 2696 2104 2748 armatorum*
2141 2703 2295 2742 com·

472 2781 631 2859 pieta
671 2790 846 2839 sunt:
904 2799 1034 2856 quae
1099 2798 1308 2838 manus
1359 2779 1610 2840 mirabili
1670 2778 1951 2855 flagrabat
1994 2778 2295 2854 pugnandi

356 2877 437 2935 25
477 2874 812 2952 cupiditate.
911 2875 1053 2937 Quo
1096 2877 1316 2936 factum
1363 2888 1470 2947 est,
1522 2887 1584 2938 ut
1625 2873 1777 2950 plus,
1807 2874 2292 2947 squam‘collegae,

476 2970 793 3029 Miltiades·
845 2972 1143 3030 valuerit«
1215 2972 1361 3049 Ejus
1422 2971 1582 3030 enim
1649 2968 2008 3033 auctoritate<
2059 2968 2294 3042 impulsi

475 3066 870 3125 Athenienses
899 3068 1093 3143 copias
1116 3087 1188 3125 ex
1224 3068 1364 3124 urbe
1403 3067 1749 3135 eduxerunt,
1794 3064 2036 3137 locoque
2081 3062 2292 3127 idoneo

475 3174 665 3234 castra
691 3164 971 3221 fecerun-t.
1055 3163 1287 3220 Deinde
1314 3173 1542 3236 postero
1570 3159 1665 3218 die
1694 3158 1803 3215 sub
1824 3156 2037 3215 montis
2086 3156 2293 3213 radici-

475 3257 605 3331 bus,
648 3258 788 3317 acie
830 3277 883 3316 e·
912 3258 1150 3333 regione
1202 3255 1506 3326 instructa,
1560 3254 1710 3314 nova
1733 3263 1895 3325 arte,
1940 3252 1996 3309 vi
2043 3252 2289 3326 Saurania,¹

355 3352 436 3412 30
473 3353 741 3430 proelium
783 3353 1215 3413 commiserunt.
1314 3349 1583 3423 Namque
1631 3348 1865 3406 arbores
1900 3347 2098 3412 multis
2129 3347 2289 3408 -loeis

474 3459 641 3507 erant
682 3459 893 3519 stratae,
944 3448 1056 3503 hoc
1097 3443 1363 3515 consilio,
1402 3456 1468 3502 ut
1514 3455 1573 3504 et
1620 3442 1903 3502 montium
1950 3454 2287 3519 tegerentur

476 3543 802 3615 altitudine,
830 3554 890 3599 et
911 3541 1179 3598 arborum
1204 3550 1395 3597 tractu
1437 3539 1726 3615 equitatus
1769 3538 2019 3599 hostium
2050 3539 2287 3615 impedi-

378 3637 383 3638 *
473 3647 645 3707 retur,
707 3655 784 3694 ne
830 3633 1201 3693 multitudine
1260 3635 1690 3696 clauderentur.
1797 3634 1967 3696 Datis
2012 3634 2122 3695 etsi
2159 3625 2287 3695 <non

1793 3753 1820 3776 ’Ὀ
1868 3752 1880 3784 ¹?

1867 3789 1881 3804 ὁ
