2619 4349
998 455 1411 505 PELOPIDAS.
2158 447 2233 505 71

288 612 571 671 concidit.
656 611 751 670 Illi
780 612 955 689 igitur
982 614 1314 687 duodecim,
1343 633 1585 690 quorum
1613 627 1736 674 erat
1764 615 1879 673 dux
1918 616 2122 692 Pelop-

296 709 443 780 idas,
472 727 648 783 quum
685 707 930 766 Athenis
959 707 1211 766 interdiu
1253 707 1531 781 exissent,
1575 721 1638 768 ut
1680 722 2120 786 vesperascente

295 804 439 860 caelo
466 802 707 859 Thebas
735 814 969 878 possent
997 803 1321 878 pervenire,
1366 823 1501 861 cum
1545 805 1790 862 canibus
1838 804 2119 863 venaticis

296 897 582 969 exierunt,
610 897 756 955 retia
784 898 1051 970 ferenteS,
1081 898 1290 956 vestitu
1320 900 1552 976 agresti,
1581 898 1695 976 qud
1733 900 1954 958 minore
1999 920 2121 958 sus-

294 992 524 1068 picione
572 993 831 1049 facerent
884 992 1008 1050 iter.
1090 993 1218 1054 Qui
1271 1013 1450 1068 quum
1505 1005 1761 1070 tempore
1817 994 1959 1071 ipso,
2007 1014 2121 1070 quo
2159 996 2200 1053 5

297 1087 655 1158 studuerant,
678 1086 1095 1162 pervenissent,
1139 1088 1379 1145 domum
1419 1088 1708 1146 Charonis
1744 1089 2122 1164 devenerunt,

300 1201 333 1238 a
360 1200 472 1256 quo
490 1192 550 1240 et
573 1193 799 1256 tempus
825 1193 884 1239 et
911 1182 1037 1238 dies
1064 1192 1186 1239 erat
1215 1182 1403 1240 datus.

376 1276 490 1334 III.
576 1276 708 1334 Hoc
736 1277 865 1334 loco
901 1277 1043 1334 libet
1085 1277 1473 1353 interponere,
1521 1275 1631 1334 etsi
1678 1275 2007 1354 sejunctum
2052 1276 2126 1334 ab

299 1392 359 1430 re
385 1371 572 1447 posita
601 1382 709 1443 est,
738 1360 920 1428 nimia
947 1371 1163 1429 fiducia
1189 1383 1420 1447 quantae
1438 1371 1752 1429 calamitati
1775 1372 1956 1430 soleat
1975 1390 2121 1429 esse.

297 1466 450 1523 Nam
480 1465 920 1541 magistratuum
948 1465 1367 1524 Thebanorum
1411 1466 1606 1525 statim
1661 1467 1733 1524 ad
1783 1486 1949 1524 aures
2001 1486 2128 1543 per-
2170 1467 2245 1524 10

296 1561 472 1633 venit,
503 1561 701 1617 exules
730 1560 790 1616 in
820 1561 1021 1617 urbem
1051 1561 1372 1618 devenisse.
1458 1561 1528 1618 Id
1548 1562 1652 1634 illi,
1676 1563 1810 1620 vino
1828 1562 2126 1638 epulisque

298 1655 500 1728 dediti,
531 1674 712 1730 usque
745 1654 816 1712 eo
846 1656 1257 1731 despexerunt,
1282 1667 1347 1714 ut
1374 1675 1449 1713 ne
1477 1676 1731 1732 quaerere
1775 1657 2009 1733 quidem
2054 1658 2127 1715 de

298 1751 459 1809 tanta
487 1770 549 1807 re
578 1748 910 1808 laborarint.
996 1749 1268 1808 Accessit
1294 1749 1491 1824 etiam,
1520 1752 1671 1826 quod
1717 1751 1902 1827 magis
1946 1751 2129 1827 aperi·

297 1858 386 1904 ret
412 1865 611 1913 eorum
641 1846 1012 1905 dementiam.
1096 1846 1295 1904 Allata
1322 1857 1412 1905 est
1438 1848 1591 1904 enim
1612 1847 1855 1923 epistola
1876 1847 2129 1906 Athenis

298 1941 373 1998 ab
422 1941 644 1998 Archia
700 1941 1096 2017 hierophante,
1147 1940 1406 2013 Archiae,
1455 1941 1554 2016 qui
1623 1953 1747 1999 tum
1811 1941 2127 1999 maximum
2171 1943 2247 1999 15

298 2035 697 2112 magistratum
726 2036 952 2094 Thebis
979 2035 1298 2107 obtinebat,
1328 2035 1389 2092 in
1418 2035 1533 2110 qua
1560 2035 1757 2093 omnia
1797 2036 1870 2093 de
1907 2037 2129 2112 profec-

298 2131 456 2190 tione
479 2132 711 2189 exulum
759 2130 1080 2208 perscripta
1124 2140 1307 2189 erant.
1392 2130 1547 2193 Quae
1575 2149 1751 2207 quum
1787 2131 1908 2207 jam
1959 2150 2130 2190 aecu-

300 2227 462 2286 banti
489 2228 550 2284 in
578 2226 842 2285 convivio
889 2237 1043 2284 esset
1094 2226 1251 2299 data,
1300 2225 1454 2285 sicut
1500 2238 1644 2298 erat,
1689 2226 1976 2303 signatam
2020 2227 2130 2284 sub

297 2322 596 2400 pulvinum
651 2321 988 2397 subjiciam,
1042 2322 1105 2378 in
1150 2322 1485 2394 crastinum,
1537 2321 1742 2397 inquit,
1792 2321 1996 2398 dzsffero
2038 2340 2127 2378 res

296 2436 538 2475 severas.
623 2417 706 2475 At
759 2416 842 2473 illi
894 2435 1117 2489 omnes,
1172 2435 1350 2491 quum
1395 2415 1516 2492 jam
1570 2435 1686 2474 nox
1732 2415 2126 2493 processisset,
2166 2416 2246 2474 20

297 2512 596 2585 vinolenti,
627 2512 704 2569 ab
748 2511 1033 2584 exulibus,
1084 2512 1234 2569 duce
1283 2510 1582 2586 Pelopida,
1632 2522 1768 2568 sunt
1811 2509 2123 2568 interfecti.

296 2608 537 2672 Quibus
579 2607 753 2665 rebus
797 2606 1101 2679 confectis,
1151 2606 1323 2682 vulgo
1372 2606 1444 2663 ad
1490 2624 1650 2666 arma
1692 2605 2129 2678 libertatemque

299 2715 524 2776 vocate,
553 2722 669 2760 non
699 2700 884 2760 solum
907 2700 1008 2776 qui
1036 2701 1095 2758 in
1125 2701 1275 2759 urbe·
1297 2710 1483 2774 erant,
1515 2700 1615 2757 sed
1646 2698 1820 2756 etiam
1872 2697 2128 2772 undique

296 2818 373 2856 ex
401 2797 553 2874 agris
575 2807 1013 2869 concurrerunt,
1051 2795 1385 2872 praesidium
1434 2793 2010 2852 Laced‘aemonior'um
2046 2810 2121 2849 ex

298 2911 434 2951 arce
460 2893 825 2969 pepulerunt,
852 2891 1097 2967 patriam
1125 2889 1428 2948 obsidione
1477 2889 1886 2959 liberaverunt,
1934 2897 2129 2944 aucto·
2166 2885 2247 2943 25

296 3008 392 3046 res
421 2988 695 3045 Cadmeae
739 2986 1096 3062 occupandae
1143 2984 1356 3061 partim
1406 2983 1768 3053 occiderunt,
1816 2980 2024 3057 partim
2068 2980 2128 3037 in

296 3083 538 3141 exilium
566 3082 884 3158 ejecerunt.

379 3177 485 3235 IV.
570 3176 702 3234 Hoc
730 3187 847 3233 tam
875 3173 1342 3249 turbido'tempoi
1362 3190 1409 3245 e,
1440 3170 1591 3229 sicut
1608 3167 1782 3245 supra
1804 3166 2129 3241 docuimus„

298 3270 758 3349 Epaminondas,
801 3268 987 3345 quoad
1040 3287 1176 3326 cum
1205 3266 1430 3325 civibus
1472 3265 1810 3322 dimicatum
1838 3274 1945 3335 est,
1975 3262 2130 3320 domi

297 3368 529 3444 quietus
560 3365 683 3424 fuit.
769 3364 973 3441 Itaque
1001 3364 1127 3420 haec
1155 3362 1584 3421 liberandarum
1635 3359 1975 3416 Thebarum
2003 3380 2131 3435 pro·
2170 3359 2249 3417 30

299 3461 428 3541 pria
472 3460 599 3518 laus
625 3471 711 3518 est
741 3458 1066 3534 Pelopidae:
1110 3468 1335 3515 caeterae
1381 3452 1500 3513 fere
1544 3472 1747 3512 ornnes
1794 3473 2132 3512 communes

301 3575 439 3616 cum
466 3553 888 3631 Epaminonda.
973 3551 1243 3627 Namque
1272 3548 1585 3608 Leuctrica
1623 3549 1840 3627 pugna,
1892 3548 2134 3624 impera-

301 3664 428 3710 tore
481 3648 909 3725 Epaminonda,
966 3646 1064 3705 hio
1113 3646 1220 3705 fuit
1269 3646 1389 3703 dux
1441 3644 1683 3701 delectae
1729 3642 1956 3714 manas
2004 3661 2131 3718 quae
