2619 4349
1081 397 1475 448 HANNIBAL.
2184 394 2293 453 101

344 555 507 615 berio
534 557 738 633 Longo
769 556 920 633 apud
949 556 1230 614 Trebiam
1274 540 1547 616 adversus
1589 577 1722 616 eum
1766 558 1939 617 venit.
2023 560 2177 619 Cum

343 651 434 710 his
475 671 712 709 manum
754 651 1081 722 conseruit3
1128 664 1398 729 utrosque
1429 652 1780 730 profligavit.
1884 652 2034 713 Inde
2075 675 2177 732 per

342 746 588 822 Ligures
642 746 1022 822 Apenninum
1078 747 1302 820 transit,
1359 760 1565 824 petens
1620 747 1931 806 Etruriam.
2040 750 2175 810 Hoc

343 841 548 899 itinere
591 839 736 899 adeo
780 841 940 918 gravi
983 842 1181 901 morbo
1224 843 1474 901 afficitur
1514 844 1835 918 oculorum,
1871 856 1934 902 ut
1974 857 2176 921 postea

341 956 637 1013 nunquam
666 938 903 995 dextero
932 935 1092 1013 aeque
1125 938 1274 996 bene
1304 958 1442 997 usus
1485 938 1575 997 sit.
1657 938 1800 1001 Qua
1840 940 2173 999 valetudine
2213 942 2254 1000 5

324 1036 516 1107 'quum
557 1032 893 1091 etiamnunc
946 1044 1324 1108 premeretur,
1379 1033 1706 1109 lecticaque
1763 1035 2040 1106 ferretur3
2100 1034 2152 1094 C

342 1127 693 1184 Flaminium
723 1128 1038 1186 Consulem
1083 1128 1234 1204 apud
1278 1127 1693 1185 Trasimenum
1736 1147 1872 1185 cum
1909 1128 2171 1188 exercitu

341 1221 566 1280 insidiis
615 1222 1072 1281 circumventum
1121 1222 1376 1293 occidit3
1447 1242 1635 1299 neque
1684 1222 1865 1282 multo
1917 1221 2052 1300 post
2100 1222 2169 1282 C.

341 1316 692 1376 Centenium
733 1318 1065 1391 Praetorem,
1109 1338 1244 1376 cum
1287 1318 1515 1377 delecta
1558 1338 1735 1378 manu
1777 1319 1959 1378 saltus
1998 1338 2172 1378 occu-

340 1426 590 1489 pantem.
699 1413 860 1471 Hinc
904 1413 964 1471 in
1007 1414 1283 1491 Apuliam
1326 1415 1604 1491 pervenit.
1708 1415 1802 1473 Ibi
1842 1414 2071 1475 obviam
2113 1414 2169 1474 ei
2215 1418 2289 1479 10

340 1521 622 1567 venerunt
675 1510 790 1567 duo
847 1509 1154 1583 Consules,
1212 1510 1281 1568 C.
1340 1510 1658 1570 Terentius
1711 1524 1770 1570 et
1825 1512 1893 1570 L.
1951 1511 2170 1571 Paulus

341 1604 628 1662 AEmilius.
752 1605 1063 1680 Utriusque
1120 1606 1411 1664 exercitus
1486 1626 1604 1665 uno
1656 1607 1859 1683 proelio
1914 1607 2166 1684 fugavit;

339 1699 583 1758 Paulum
627 1700 942 1758 Consulem
985 1701 1222 1775 occidit,
1266 1714 1324 1760 et
1368 1702 1583 1778 aliquot
1622 1714 1902 1778 praeterea
1943 1703 2171 1762 Consu-

338 1794 507 1867 lareS,
559 1794 618 1852 in
668 1795 758 1852 his
818 1795 928 1853 Cn.
982 1795 1292 1854 Servilium
1341 1797 1678 1871 Geminum,
1728 1797 1825 1873 qui
1875 1798 2169 1876 superiore

341 1909 494 1947 anno
516 1891 702 1948 fuerat
730 1890 969 1948 Consul.
1188 1924 1197 1925 ff
2215 1895 2287 1950 15

415 1986 488 2042 V.
572 1986 706 2042 Hac
749 1986 946 2062 pugna
975 1987 1233 2063 pugnata⁴
1263 1987 1517 2044 Romam
1555 1988 1847 2063 profectus
1880 1998 1986 2060 est,
2011 1989 2170 2047 nullo

338 2080 658 2139 resistente.
743 2081 814 2137 In
857 2081 1192 2157 propinquis
1236 2082 1394 2139 urbis
1437 2081 1731 2140 montibus
1773 2093 2028 2140 moratus
2061 2094 2166 2140 est.

335 2176 539 2237 Quum
581 2177 793 2252 aliquot
823 2177 902 2234 ibi
945 2178 1070 2235 dies
1112 2189 1301 2235 castra
1343 2178 1658 2251 habuisset,
1688 2189 1747 2237 et
1787 2189 2169 2236 reverteretur

337 2270 639 2345 Capuam3
694 2272 774 2333 Q.
821 2271 1038 2330 Fabius
1082 2271 1398 2345 MaximuS,
1441 2272 1688 2332 dictator
1731 2274 2059 2348 Romanus,
2105 2274 2194 2332 in>

337 2384 474 2441 agro
517 2365 767 2425 Falerno
807 2387 869 2423 se
912 2367 966 2424 ei
1007 2367 1239 2443 objecit.
1333 2366 1452 2425 Hic
1494 2370 1726 2427 clausus
1767 2370 2024 2427 locorum
2069 2389 2167 2427 an·
2207 2371 2290 2428 20

334 2460 562 2536 gustiis,
592 2473 768 2519 noctu
797 2462 923 2519 sine
953 2463 1069 2520 ullo
1111 2462 1458 2520 detrimento
1500 2463 1793 2521 exercitus
1835 2483 1897 2521 se
1939 2463 2168 2540 expedi·

336 2556 450 2625 vit;
495 2554 696 2629 Fabi0,
727 2557 1100 2615 callidissimo
1130 2556 1479 2633 imperatori,
1509 2557 1685 2614 verba
1725 2557 1902 2614 dedit.
1987 2556 2047 2614 N
2053 2576 2168 2614 am-

331 2670 443 2726 que
497 2652 748 2710 obducta
804 2665 974 2710 nocte
1018 2663 1312 2709 sarmenta
1352 2651 1414 2707 in
1457 2651 1734 2709 cornibus
1784 2651 2165 2727 juvencorum

333 2746 583 2821 deligata
611 2745 890 2819 incendit,
915 2746 1153 2822 ejusque
1176 2745 1410 2822 generis
1439 2745 1872 2805 multitudinem
1896 2765 2171 2823 magnam

332 2841 671 2916 dispalatam
704 2841 955 2900 immisit.
1039 2842 1180 2903 Quo
1204 2841 1505 2918 repentino
1528 2842 1767 2918 objectu
1795 2841 1915 2899 viso
1943 2853 2168 2900 tantum
2210 2841 2289 2899 25

332 2947 607 2993 terrorem
639 2935 839 3012 injecit
881 2936 1163 2994 exercitui
1206 2937 1629 3009 Romanorum,
1660 2949 1723 2996 ut
1764 2937 1964 3014 egredi
2005 2948 2169 2995 extra

333 3031 543 3088 vallum
574 3050 745 3088 nemo
774 3030 847 3089 sit
879 3051 1069 3089 ausus.
1155 3032 1332 3088 Hanc
1360 3043 1488 3107 post
1515 3050 1635 3088 rem
1666 3041 1887 3107 gestam
1930 3050 2043 3089 non
2090 3030 2171 3089 ita

335 3124 529 3182 multis
562 3124 787 3198 diebus,
833 3124 916 3182 M.
964 3125 1293 3182 Minucium
1338 3126 1583 3197 Rufum,
1626 3124 1965 3200 magistrum
2011 3123 2169 3200 equi-

335 3230 478 3293 tum,
533 3220 656 3296 pari
713 3239 782 3277 ac
825 3221 1167 3278 dictatorem
1226 3219 1485 3296 imperio,
1530 3220 1660 3277 dolo
1713 3220 2056 3295 productum
2101 3218 2161 3275 in

332 3314 620 3392 proelium,
665 3314 900 3391 fugavit.
985 3315 1082 3371 Ti.
1117 3314 1523 3391 Sempronium
1565 3313 1920 3386 Gracchum,
1956 3312 2163 3373 iterum
2207 3312 2286 3371 30

333 3408 670 3482 Consulem,
728 3409 785 3465 in
845 3408 1103 3466 Lucanis
1161 3409 1390 3481 absens,
1449 3408 1508 3465 in
1566 3407 1805 3465 insidias
1861 3409 2164 3467 inductum

332 3502 578 3562 sustulit.
663 3502 746 3562 M.
797 3503 1110 3561 Claudium
1162 3502 1529 3576 Marcellum,
1585 3503 1888 3578 quinquies
1938 3504 2163 3563 Consu-

330 3597 466 3671 lem,
498 3599 646 3675 apud
677 3599 996 3657 Venusiam
1026 3598 1151 3675 pari
1180 3599 1351 3657 modo
1380 3596 1686 3656 interfecit.
1782 3599 2047 3675 Longum
2079 3609 2166 3656 est

968 3694 1072 3751 9*
