2619 4349
929 441 1470 493 THRASYBULUS.

274 610 575 677 postquam
604 599 740 658 inde
767 602 1040 678 expulsus
1066 601 1307 660 Thebas
1336 600 1577 675 venerit,
1603 598 1750 659 adeo
1773 599 1979 661 studiis
2001 621 2095 660 eo-

275 715 404 753 rum
433 695 760 769 inservisse,
791 708 854 754 ut
882 716 1054 755 nemo
1081 717 1215 754 eum
1238 698 1435 756 labore
1471 697 1836 775 corporisque
1879 696 2097 756 viribus

273 802 468 867 posset
522 792 895 868 aequiparare,
929 790 1158 869 (omnes
1186 792 1343 850 enim
1372 792 1581 851 Boeotii
1615 792 1800 870 magis
1841 791 2097 852 firmitati

274 886 549 962 corporis,
595 884 768 962 quam
818 886 1040 963 ingenii
1079 887 1336 944 acumini
1390 887 1710 946 inserviunt
1734 889 1779 967 3)
1843 889 2095 946 eundem

275 982 427 1058 apud
457 981 952 1056 LacedaemoniOS,
981 1002 1223 1058 quorum
1267 982 1524 1041 moribus
1566 1001 1792 1041 summa
1827 982 2005 1041 virtus
2033 981 2092 1041 in
2132 983 2173 1042 5

272 1076 553 1153 patientia
580 1078 921 1154 ponebatur,
946 1077 1031 1135 sic
1054 1077 1280 1137 duritiae
1304 1097 1367 1136 se
1390 1077 1641 1151 dedisse,
1660 1089 1724 1136 ut
1743 1078 2095 1154 parsimonia

274 1170 459 1229 victus
512 1183 682 1248 atque
737 1172 929 1231 cultus
981 1191 1184 1230 omnes
1247 1171 1723 1230 Lacedaemonios
1796 1172 2053 1232 vinceret
2074 1192 2091 1243 ;

273 1265 448 1323 fuisse
473 1268 624 1343 apud
642 1266 929 1341 ThracaS,
949 1267 1213 1326 homines
1234 1267 1577 1341 vinolentOS,
1599 1268 1885 1344 rebusque
1901 1268 2095 1326 Vene-

271 1361 385 1418 reis
414 1361 671 1433 deditos;
715 1364 820 1421 hos
847 1381 1071 1438 quoque
1102 1362 1160 1419 in
1191 1361 1281 1420 his
1298 1364 1472 1421 rebus
1495 1361 1876 1422 antecessisse
1899 1383 1914 1434 ;
1958 1382 2094 1421 ven-

272 1456 384 1514 isse
404 1458 473 1514 ad
498 1457 724 1531 Persas,
751 1459 901 1536 apud
922 1477 1062 1534 quos
1085 1477 1313 1517 summa
1329 1459 1456 1516 laus
1468 1470 1621 1518 esset
1639 1458 1856 1518 fortiter
1873 1458 2090 1533 venari,

271 1551 562 1611 luxuriose
586 1553 776 1611 vivere
799 1574 814 1624 3
859 1554 1062 1611 horum
1085 1554 1171 1618 sic
1194 1553 1481 1612 imitatum
1503 1552 2006 1626 consuetudinem,
2029 1564 2095 1612 ut

271 1646 352 1705 illi
396 1646 507 1723 ipsi
561 1667 695 1705 eum
751 1648 811 1706 in
867 1648 957 1705 his
1012 1647 1261 1706 maxime
1321 1648 1759 1707 admirarentur.
1856 1647 2095 1711 Quibus

271 1742 444 1799 rebus
491 1742 774 1816 effecisse,
823 1754 906 1816 ut,
949 1743 1097 1820 apud
1155 1763 1547 1819 quoscumque
1601 1754 1773 1816 esset,
1822 1743 2094 1820 princeps

269 1848 599 1912 poneretur,
629 1838 1048 1915 habereturque
1077 1838 1429 1897 carissimus.
1512 1839 1632 1896 Sed
1660 1840 1799 1896 satis
1828 1840 1900 1896 de
1939 1840 2053 1897 hoc
2076 1858 2092 1910 3

270 1930 519 2008 reliquos
540 1932 850 1991 ordiamur.
1953 1946 1956 1949 '

691 2325 865 2384 VIII.
950 2325 1784 2385 THRASYBULUS.

346 2514 396 2574 I.
491 2514 910 2591 ThrasybuluS,
941 2515 1098 2590 Lyci
1107 2513 1304 2591 filim,
1334 2514 1722 2573 Atheniensis.
1807 2514 1873 2573 Si
1899 2535 2001 2592 per
2030 2536 2092 2574 se

268 2610 447 2668 virtus
475 2608 601 2667 sine
631 2608 859 2668 fortunii
884 2608 1261 2687 ponderanda
1287 2608 1381 2682 sit,
1411 2610 1632 2682 dubito,
1664 2629 1738 2666 an
1783 2610 1941 2667 hunc
1980 2609 2094 2687 pri-

268 2721 429 2763 mum
455 2703 715 2762 omnium
742 2723 972 2781 ponam.
1056 2702 1209 2762 Illud
1239 2703 1365 2763 sine
1388 2704 1598 2775 dubio;
1642 2704 1936 2779 neminem
1953 2704 2092 2763 huic

264 2800 508 2880 praefero
534 2799 669 2873 fide,
698 2797 1046 2873 constantia,
1076 2799 1481 2876 magnitudine
1526 2800 1726 2874 animi,
1757 2799 1817 2858 in
1846 2800 2091 2877 patriam

2138 1459 2212 1516 10

2137 1935 2212 1992 15

268 2914 479 2955 amore.
560 2893 716 2953 Nam
759 2896 911 2972 quod
960 2894 1127 2955 multi
1168 2895 1492 2970 voluerunt,
1539 2895 1713 2973 pauci
1759 2906 2089 2973 potuerunt,
2129 2895 2209 2955 20

268 2990 340 3048 ab
387 3010 505 3049 uno
547 3001 792 3066 tyranno
839 2989 1084 3067 patriam
1131 2990 1411 3062 liberare3
1449 2990 1592 3049 huic
1640 2991 1906 3068 contigit,
1950 3003 2014 3049 ut
2059 3011 2094 3049 a

268 3084 502 3161 triginta
538 3103 870 3162 oppressam
916 3083 1177 3160 tyrannis
1223 3103 1296 3141 ex
1339 3084 1611 3144 servitute
1660 3086 1720 3143 iu
1768 3086 2093 3145 libertatem

270 3178 603 3238 vindicaret.
689 3179 828 3253 Sed,
873 3178 1074 3238 nescio
1115 3198 1228 3254 quo
1280 3180 1474 3253 modo,
1517 3199 1694 3256 quum
1742 3199 1876 3238 eum
1921 3199 2093 3240 nemo

268 3275 513 3333 anteiret
539 3275 629 3333 his
656 3274 983 3349 virtutibus,
1012 3274 1180 3334 multi
1222 3274 1524 3334 nobilitate
1564 3287 2088 3351 praecucurrerunt.

266 3368 526 3430 Primum
570 3369 992 3447 Peloponnesio
1040 3370 1191 3430 bello
1235 3371 1419 3429 multa
1461 3370 1558 3428 hic
1603 3370 1730 3428 sine
1779 3370 2090 3429 Alcibiade
2127 3371 2208 3430 25

266 3466 465 3543 gessit,
495 3466 593 3525 ille
619 3466 838 3525 nullam
867 3485 990 3526 rem
1018 3465 1144 3525 sine
1173 3467 1322 3525 hoc:
1363 3484 1490 3542 quae
1537 3465 1633 3523 ille
1682 3464 1952 3524 universa
1992 3484 2093 3523 na·

266 3561 436 3621 turali
463 3561 710 3638 quodam
740 3562 892 3621 bono
920 3561 1059 3622 fecit
1094 3561 1260 3621 lucri.
1346 3562 1463 3620 Sed
1510 3561 1610 3619 illa
1651 3573 1847 3621 tamen
1895 3560 2094 3621 omnia

266 3656 598 3716 communia
625 3655 1062 3735 imperatoribus
1089 3676 1223 3717 cum
1251 3656 1532 3717 militibus
1562 3669 1621 3716 et
1646 3655 1897 3729 fortuna,
1935 3653 2089 3733 quod
