<?xml version="1.0" encoding="UTF-8"?>
<!DOCTYPE html PUBLIC "-//W3C//DTD XHTML 1.0 Transitional//EN"
    "http://www.w3.org/TR/xhtml1/DTD/xhtml1-transitional.dtd">
<html xmlns="http://www.w3.org/1999/xhtml" xml:lang="en" lang="en">
 <head>
  <title>
</title>
<meta http-equiv="Content-Type" content="text/html;charset=utf-8" />
  <meta name='ocr-system' content='tesseract 3.04.00' />
  <meta name='ocr-capabilities' content='ocr_page ocr_carea ocr_par ocr_line ocrx_word'/>
</head>
<body>
  <div class='ocr_page' id='page_1' title='image "./devitaexcellent02bremgoog_0015.png"; bbox 0 0 2619 4349; ppageno 0'>
   <div class='ocr_carea' id='block_1_1' title="bbox 1013 428 2248 485">
    <p class='ocr_par' dir='ltr' id='par_1_1' title="bbox 1013 428 2248 485">
     <span class='ocr_line' id='line_1_1' title="bbox 1013 428 2248 485; baseline 0.002 -2"><span class='ocrx_word' id='word_1_1' title='bbox 1013 434 1432 483; x_wconf 77' lang='lat' dir='ltr'>MILTIADES.</span> <span class='ocrx_word' id='word_1_2' title='bbox 2205 428 2248 485; x_wconf 74' lang='grc'><strong>5</strong></span> 
     </span>
    </p>
   </div>
   <div class='ocr_carea' id='block_1_2' title="bbox 300 596 2242 3811">
    <p class='ocr_par' dir='ltr' id='par_1_2' title="bbox 304 596 2127 770">
     <span class='ocr_line' id='line_1_2' title="bbox 305 596 2127 674; baseline 0 -19"><span class='ocrx_word' id='word_1_3' title='bbox 305 599 625 674; x_wconf 84' lang='lat' dir='ltr'>loquentes,</span> <span class='ocrx_word' id='word_1_4' title='bbox 671 596 769 673; x_wconf 84' lang='lat' dir='ltr'>qui</span> <span class='ocrx_word' id='word_1_5' title='bbox 818 596 1025 654; x_wconf 82' lang='lat' dir='ltr'>Asiam</span> <span class='ocrx_word' id='word_1_6' title='bbox 1069 597 1412 670; x_wconf 89' lang='lat' dir='ltr'>incolerent,</span> <span class='ocrx_word' id='word_1_7' title='bbox 1458 597 1567 654; x_wconf 90' lang='lat' dir='ltr'>sub</span> <span class='ocrx_word' id='word_1_8' title='bbox 1614 596 1721 654; x_wconf 64' lang='lat' dir='ltr'>sua</span> <span class='ocrx_word' id='word_1_9' title='bbox 1767 607 2127 656; x_wconf 83' lang='lat' dir='ltr'>retenturum</span> 
     </span>
     <span class='ocr_line' id='line_1_3' title="bbox 304 691 2127 770; baseline 0.001 -20"><span class='ocrx_word' id='word_1_10' title='bbox 304 705 611 770; x_wconf 72' lang='lat' dir='ltr'><strong>potestate,</strong></span> <span class='ocrx_word' id='word_1_11' title='bbox 641 693 691 750; x_wconf 76' lang='lat' dir='ltr'>si</span> <span class='ocrx_word' id='word_1_12' title='bbox 710 693 913 750; x_wconf 81' lang='lat' dir='ltr'>amicis</span> <span class='ocrx_word' id='word_1_13' title='bbox 931 693 1052 750; x_wconf 87' lang='lat' dir='ltr'>suis</span> <span class='ocrx_word' id='word_1_14' title='bbox 1071 692 1287 770; x_wconf 88' lang='lat' dir='ltr'>oppida</span> <span class='ocrx_word' id='word_1_15' title='bbox 1302 692 1523 751; x_wconf 89' lang='lat' dir='ltr'>tuenda</span> <span class='ocrx_word' id='word_1_16' title='bbox 1542 691 1892 766; x_wconf 78' lang='lat' dir='ltr'><strong>tradidisset,</strong></span> <span class='ocrx_word' id='word_1_17' title='bbox 1916 692 2127 770; x_wconf 83' lang='lat' dir='ltr'>quibus</span> 
     </span>
    </p>

    <p class='ocr_par' dir='ltr' id='par_1_3' title="bbox 302 786 2242 2109">
     <span class='ocr_line' id='line_1_4' title="bbox 306 786 2128 866; baseline 0.001 -20"><span class='ocrx_word' id='word_1_18' title='bbox 306 806 369 846; x_wconf 70' lang='lat' dir='ltr'>se</span> <span class='ocrx_word' id='word_1_19' title='bbox 392 788 669 866; x_wconf 85' lang='lat' dir='ltr'>oppresse</span> <span class='ocrx_word' id='word_1_20' title='bbox 695 786 856 851; x_wconf 86' lang='lat' dir='ltr'>nulla</span> <span class='ocrx_word' id='word_1_21' title='bbox 882 808 1014 864; x_wconf 85' lang='lat' dir='ltr'>spes</span> <span class='ocrx_word' id='word_1_22' title='bbox 1042 788 1246 846; x_wconf 78' lang='lat' dir='ltr'>salutis</span> <span class='ocrx_word' id='word_1_23' title='bbox 1272 788 1710 863; x_wconf 81' lang='lat' dir='ltr'>relinqueretur.</span> <span class='ocrx_word' id='word_1_24' title='bbox 1793 786 1867 845; x_wconf 92' lang='lat' dir='ltr'>In</span> <span class='ocrx_word' id='word_1_25' title='bbox 1889 789 2002 847; x_wconf 86' lang='lat' dir='ltr'>hoc</span> <span class='ocrx_word' id='word_1_26' title='bbox 2019 789 2128 848; x_wconf 79' lang='lat' dir='ltr'>fnit</span> 
     </span>
     <span class='ocr_line' id='line_1_5' title="bbox 304 883 2125 957; baseline 0 -15"><span class='ocrx_word' id='word_1_27' title='bbox 304 895 428 942; x_wconf 87' lang='lat' dir='ltr'>tum</span> <span class='ocrx_word' id='word_1_28' title='bbox 483 900 727 942; x_wconf 86' lang='lat' dir='ltr'>numero</span> <span class='ocrx_word' id='word_1_29' title='bbox 782 883 1100 957; x_wconf 76' lang='lat' dir='ltr'>MiltiadeS,</span> <span class='ocrx_word' id='word_1_30' title='bbox 1157 883 1254 941; x_wconf 88' lang='lat' dir='ltr'>cui</span> <span class='ocrx_word' id='word_1_31' title='bbox 1308 883 1408 941; x_wconf 87' lang='lat' dir='ltr'>illa</span> <span class='ocrx_word' id='word_1_32' title='bbox 1460 883 1728 941; x_wconf 87' lang='lat' dir='ltr'>custodia</span> <span class='ocrx_word' id='word_1_33' title='bbox 1772 883 2125 942; x_wconf 75' lang='lat' dir='ltr'>crederetur.</span> 
     </span>
     <span class='ocr_line' id='line_1_6' title="bbox 306 977 2206 1057; baseline 0.001 -21"><span class='ocrx_word' id='word_1_34' title='bbox 306 977 427 1036; x_wconf 78' lang='lat' dir='ltr'>Hic</span> <span class='ocrx_word' id='word_1_35' title='bbox 448 998 626 1055; x_wconf 87' lang='lat' dir='ltr'>quum</span> <span class='ocrx_word' id='word_1_36' title='bbox 655 979 844 1037; x_wconf 78' lang='lat' dir='ltr'>crebri</span> <span class='ocrx_word' id='word_1_37' title='bbox 887 980 1158 1037; x_wconf 80' lang='lat' dir='ltr'>afferrent</span> <span class='ocrx_word' id='word_1_38' title='bbox 1185 979 1399 1054; x_wconf 89' lang='lat' dir='ltr'>nuntii,</span> <span class='ocrx_word' id='word_1_39' title='bbox 1428 978 1580 1036; x_wconf 70' lang='lat' dir='ltr'>male</span> <span class='ocrx_word' id='word_1_40' title='bbox 1610 997 1734 1037; x_wconf 88' lang='lat' dir='ltr'>rem</span> <span class='ocrx_word' id='word_1_41' title='bbox 1769 997 1971 1057; x_wconf 81' lang='lat' dir='ltr'>gerere</span> <span class='ocrx_word' id='word_1_42' title='bbox 2009 978 2128 1038; x_wconf 87' lang='lat' dir='ltr'>Da-</span> <span class='ocrx_word' id='word_1_43' title='bbox 2165 980 2206 1038; x_wconf 85' lang='lat'>5</span> 
     </span>
     <span class='ocr_line' id='line_1_7' title="bbox 304 1074 2125 1153; baseline 0.001 -20"><span class='ocrx_word' id='word_1_44' title='bbox 304 1074 454 1134; x_wconf 89' lang='lat' dir='ltr'>rium</span> <span class='ocrx_word' id='word_1_45' title='bbox 481 1075 778 1153; x_wconf 80' lang='lat' dir='ltr'>premique</span> <span class='ocrx_word' id='word_1_46' title='bbox 802 1077 875 1133; x_wconf 86' lang='lat' dir='ltr'>ab</span> <span class='ocrx_word' id='word_1_47' title='bbox 902 1075 1159 1151; x_wconf 80' lang='lat' dir='ltr'>Scythis,</span> <span class='ocrx_word' id='word_1_48' title='bbox 1189 1074 1489 1132; x_wconf 81' lang='lat' dir='ltr'>Miltiades</span> <span class='ocrx_word' id='word_1_49' title='bbox 1536 1076 1797 1133; x_wconf 83' lang='lat' dir='ltr'>hortatus</span> <span class='ocrx_word' id='word_1_50' title='bbox 1823 1086 1912 1133; x_wconf 88' lang='lat' dir='ltr'>est</span> <span class='ocrx_word' id='word_1_51' title='bbox 1931 1075 2125 1152; x_wconf 85' lang='lat' dir='ltr'>pontis</span> 
     </span>
     <span class='ocr_line' id='line_1_8' title="bbox 303 1169 2125 1245; baseline -0.001 -15"><span class='ocrx_word' id='word_1_52' title='bbox 303 1173 594 1245; x_wconf 72' lang='lat' dir='ltr'>custodes,</span> <span class='ocrx_word' id='word_1_53' title='bbox 638 1191 714 1230; x_wconf 84' lang='lat' dir='ltr'>ne</span> <span class='ocrx_word' id='word_1_54' title='bbox 764 1190 800 1230; x_wconf 86' lang='lat' dir='ltr'>a</span> <span class='ocrx_word' id='word_1_55' title='bbox 851 1173 1083 1231; x_wconf 64' lang='lat' dir='ltr'>fortuna</span> <span class='ocrx_word' id='word_1_56' title='bbox 1136 1172 1332 1229; x_wconf 84' lang='lat' dir='ltr'>datam</span> <span class='ocrx_word' id='word_1_57' title='bbox 1384 1169 1756 1229; x_wconf 75' lang='lat' dir='ltr'>occasionem</span> <span class='ocrx_word' id='word_1_58' title='bbox 1807 1170 2125 1229; x_wconf 65' lang='lat' dir='ltr'>liberanda</span> 
     </span>
     <span class='ocr_line' id='line_1_9' title="bbox 303 1265 2123 1343; baseline 0.001 -19"><span class='ocrx_word' id='word_1_59' title='bbox 303 1267 548 1324; x_wconf 82' lang='lat' dir='ltr'>Graeciae</span> <span class='ocrx_word' id='word_1_60' title='bbox 569 1267 943 1326; x_wconf 78' lang='lat' dir='ltr'>dimitterent.</span> <span class='ocrx_word' id='word_1_61' title='bbox 1028 1266 1183 1324; x_wconf 87' lang='lat' dir='ltr'>Nam</span> <span class='ocrx_word' id='word_1_62' title='bbox 1202 1267 1250 1324; x_wconf 90' lang='lat' dir='ltr'>si</span> <span class='ocrx_word' id='word_1_63' title='bbox 1268 1284 1404 1324; x_wconf 90' lang='lat' dir='ltr'>cum</span> <span class='ocrx_word' id='word_1_64' title='bbox 1427 1266 1519 1324; x_wconf 90' lang='lat' dir='ltr'>his</span> <span class='ocrx_word' id='word_1_65' title='bbox 1536 1265 1740 1343; x_wconf 90' lang='lat' dir='ltr'>copiis,</span> <span class='ocrx_word' id='word_1_66' title='bbox 1764 1285 1907 1342; x_wconf 85' lang='lat' dir='ltr'>quas</span> <span class='ocrx_word' id='word_1_67' title='bbox 1922 1285 2123 1326; x_wconf 88' lang='lat' dir='ltr'>secum</span> 
     </span>
     <span class='ocr_line' id='line_1_10' title="bbox 304 1354 2124 1440; baseline 0.001 -20"><span class='ocrx_word' id='word_1_68' title='bbox 304 1374 807 1438; x_wconf 73' lang='lat' dir='ltr'>transportaverat,</span> <span class='ocrx_word' id='word_1_69' title='bbox 838 1361 1129 1421; x_wconf 68' lang='lat' dir='ltr'>interisset</span> <span class='ocrx_word' id='word_1_70' title='bbox 1172 1362 1407 1436; x_wconf 77' lang='lat' dir='ltr'>DariuS,</span> <span class='ocrx_word' id='word_1_71' title='bbox 1452 1382 1570 1421; x_wconf 87' lang='lat' dir='ltr'>non</span> <span class='ocrx_word' id='word_1_72' title='bbox 1599 1361 1787 1421; x_wconf 74' lang='lat' dir='ltr'>solum</span> <span class='ocrx_word' id='word_1_73' title='bbox 1830 1354 2124 1440; x_wconf 74' lang='lat' dir='ltr'>Europam</span> 
     </span>
     <span class='ocr_line' id='line_1_11' title="bbox 306 1457 2242 1534; baseline 0.001 -19"><span class='ocrx_word' id='word_1_74' title='bbox 306 1459 425 1516; x_wconf 80' lang='lat' dir='ltr'>fore</span> <span class='ocrx_word' id='word_1_75' title='bbox 453 1469 658 1530; x_wconf 86' lang='lat' dir='ltr'>tutam,</span> <span class='ocrx_word' id='word_1_76' title='bbox 689 1458 791 1515; x_wconf 87' lang='lat' dir='ltr'>sed</span> <span class='ocrx_word' id='word_1_77' title='bbox 818 1458 995 1516; x_wconf 88' lang='lat' dir='ltr'>etiam</span> <span class='ocrx_word' id='word_1_78' title='bbox 1023 1477 1143 1531; x_wconf 75' lang='lat' dir='ltr'>eOS,</span> <span class='ocrx_word' id='word_1_79' title='bbox 1187 1459 1285 1534; x_wconf 89' lang='lat' dir='ltr'>qui</span> <span class='ocrx_word' id='word_1_80' title='bbox 1324 1459 1530 1516; x_wconf 86' lang='lat' dir='ltr'>Asiam</span> <span class='ocrx_word' id='word_1_81' title='bbox 1569 1458 1891 1516; x_wconf 88' lang='lat' dir='ltr'>incolerent</span> <span class='ocrx_word' id='word_1_82' title='bbox 1927 1457 2121 1516; x_wconf 80' lang='lat' dir='ltr'>Graeci</span> <span class='ocrx_word' id='word_1_83' title='bbox 2169 1459 2242 1517; x_wconf 80' lang='lat'>10</span> 
     </span>
     <span class='ocr_line' id='line_1_12' title="bbox 303 1552 2123 1630; baseline 0 -20"><span class='ocrx_word' id='word_1_84' title='bbox 303 1571 541 1629; x_wconf 86' lang='lat' dir='ltr'>genere,</span> <span class='ocrx_word' id='word_1_85' title='bbox 566 1553 841 1611; x_wconf 79' lang='lat' dir='ltr'>liberos-a</span> <span class='ocrx_word' id='word_1_86' title='bbox 868 1552 1174 1610; x_wconf 86' lang='lat' dir='ltr'>Persarum</span> <span class='ocrx_word' id='word_1_87' title='bbox 1204 1555 1426 1611; x_wconf 88' lang='lat' dir='ltr'>futuros</span> <span class='ocrx_word' id='word_1_88' title='bbox 1454 1553 1849 1612; x_wconf 82' lang='lat' dir='ltr'>dominatione</span> <span class='ocrx_word' id='word_1_89' title='bbox 1877 1564 1938 1611; x_wconf 88' lang='lat' dir='ltr'>et</span> <span class='ocrx_word' id='word_1_90' title='bbox 1972 1552 2123 1630; x_wconf 85' lang='lat' dir='ltr'>peri-</span> 
     </span>
     <span class='ocr_line' id='line_1_13' title="bbox 302 1646 2117 1724; baseline 0.001 -19"><span class='ocrx_word' id='word_1_91' title='bbox 302 1650 454 1706; x_wconf 89' lang='lat' dir='ltr'>culo.</span> <span class='ocrx_word' id='word_1_92' title='bbox 555 1647 626 1704; x_wconf 86' lang='lat' dir='ltr'>Id</span> <span class='ocrx_word' id='word_1_93' title='bbox 682 1646 868 1706; x_wconf 69' lang='lat' dir='ltr'>facile·</span> <span class='ocrx_word' id='word_1_94' title='bbox 912 1648 1065 1706; x_wconf 87' lang='lat' dir='ltr'>effici</span> <span class='ocrx_word' id='word_1_95' title='bbox 1118 1668 1306 1724; x_wconf 87' lang='lat' dir='ltr'>posse.</span> <span class='ocrx_word' id='word_1_96' title='bbox 1406 1649 1590 1706; x_wconf 82' lang='lat' dir='ltr'>Ponte</span> <span class='ocrx_word' id='word_1_97' title='bbox 1643 1649 1803 1706; x_wconf 90' lang='lat' dir='ltr'>enim</span> <span class='ocrx_word' id='word_1_98' title='bbox 1849 1648 2117 1722; x_wconf 85' lang='lat' dir='ltr'>rescisso,</span> 
     </span>
     <span class='ocr_line' id='line_1_14' title="bbox 306 1744 2123 1821; baseline 0.002 -20"><span class='ocrx_word' id='word_1_99' title='bbox 306 1744 538 1820; x_wconf 83' lang='lat' dir='ltr'>Regem</span> <span class='ocrx_word' id='word_1_100' title='bbox 568 1745 656 1802; x_wconf 88' lang='lat' dir='ltr'>vel</span> <span class='ocrx_word' id='word_1_101' title='bbox 685 1744 934 1803; x_wconf 89' lang='lat' dir='ltr'>hostium</span> <span class='ocrx_word' id='word_1_102' title='bbox 966 1745 1117 1803; x_wconf 84' lang='lat' dir='ltr'>ferro</span> <span class='ocrx_word' id='word_1_103' title='bbox 1145 1745 1233 1802; x_wconf 88' lang='lat' dir='ltr'>vel</span> <span class='ocrx_word' id='word_1_104' title='bbox 1266 1744 1460 1821; x_wconf 60' lang='lat' dir='ltr'>inopia</span> <span class='ocrx_word' id='word_1_105' title='bbox 1487 1745 1691 1821; x_wconf 85' lang='lat' dir='ltr'>paucis</span> <span class='ocrx_word' id='word_1_106' title='bbox 1720 1745 1924 1802; x_wconf 83' lang='lat' dir='ltr'>diebus</span> <span class='ocrx_word' id='word_1_107' title='bbox 1947 1745 2123 1804; x_wconf 87' lang='lat' dir='ltr'>inter·</span> 
     </span>
     <span class='ocr_line' id='line_1_15' title="bbox 306 1840 2119 1917; baseline 0.002 -20"><span class='ocrx_word' id='word_1_108' title='bbox 306 1840 537 1898; x_wconf 82' lang='lat' dir='ltr'>iturum.</span> <span class='ocrx_word' id='word_1_109' title='bbox 623 1841 719 1898; x_wconf 92' lang='lat' dir='ltr'>Ad</span> <span class='ocrx_word' id='word_1_110' title='bbox 749 1842 861 1899; x_wconf 88' lang='lat' dir='ltr'>hoc</span> <span class='ocrx_word' id='word_1_111' title='bbox 902 1841 1210 1899; x_wconf 89' lang='lat' dir='ltr'>consilium</span> <span class='ocrx_word' id='word_1_112' title='bbox 1254 1860 1434 1916; x_wconf 88' lang='lat' dir='ltr'>quum</span> <span class='ocrx_word' id='word_1_113' title='bbox 1462 1841 1719 1917; x_wconf 82' lang='lat' dir='ltr'>plerique</span> <span class='ocrx_word' id='word_1_114' title='bbox 1750 1842 2119 1914; x_wconf 84' lang='lat' dir='ltr'>accederent,</span> 
     </span>
     <span class='ocr_line' id='line_1_16' title="bbox 305 1935 2239 2010; baseline -0.001 -16"><span class='ocrx_word' id='word_1_115' title='bbox 305 1935 587 1994; x_wconf 60' lang='lat' dir='ltr'>Histiaeus</span> <span class='ocrx_word' id='word_1_116' title='bbox 615 1936 901 2010; x_wconf 88' lang='lat' dir='ltr'>Milesius,</span> <span class='ocrx_word' id='word_1_117' title='bbox 930 1956 1006 1994; x_wconf 86' lang='lat' dir='ltr'>ne</span> <span class='ocrx_word' id='word_1_118' title='bbox 1034 1955 1128 1994; x_wconf 91' lang='lat' dir='ltr'>res</span> <span class='ocrx_word' id='word_1_119' title='bbox 1155 1936 1561 2010; x_wconf 85' lang='lat' dir='ltr'>conficeretur,</span> <span class='ocrx_word' id='word_1_120' title='bbox 1590 1936 1830 2008; x_wconf 85' lang='lat' dir='ltr'>obstitit,</span> <span class='ocrx_word' id='word_1_121' title='bbox 1876 1936 2118 1995; x_wconf 79' lang='lat' dir='ltr'>dicens:</span> <span class='ocrx_word' id='word_1_122' title='bbox 2165 1936 2239 1994; x_wconf 83' lang='lat'>15</span> 
     </span>
     <span class='ocr_line' id='line_1_17' title="bbox 305 2031 2119 2109; baseline 0.001 -20"><span class='ocrx_word' id='word_1_123' title='bbox 305 2050 422 2090; x_wconf 87' lang='lat' dir='ltr'>non</span> <span class='ocrx_word' id='word_1_124' title='bbox 451 2032 605 2090; x_wconf 89' lang='lat' dir='ltr'>idem</span> <span class='ocrx_word' id='word_1_125' title='bbox 635 2033 793 2109; x_wconf 87' lang='lat' dir='ltr'>ipsis,</span> <span class='ocrx_word' id='word_1_126' title='bbox 821 2033 921 2108; x_wconf 87' lang='lat' dir='ltr'>qui</span> <span class='ocrx_word' id='word_1_127' title='bbox 948 2050 1207 2090; x_wconf 83' lang='lat' dir='ltr'>summas</span> <span class='ocrx_word' id='word_1_128' title='bbox 1234 2031 1461 2108; x_wconf 89' lang='lat' dir='ltr'>imperii</span> <span class='ocrx_word' id='word_1_129' title='bbox 1497 2043 1783 2104; x_wconf 87' lang='lat' dir='ltr'>tenerent,</span> <span class='ocrx_word' id='word_1_130' title='bbox 1824 2032 2119 2107; x_wconf 87' lang='lat' dir='ltr'>expedire,</span> 
     </span>
    </p>

    <p class='ocr_par' dir='ltr' id='par_1_4' title="bbox 300 2125 2239 3140">
     <span class='ocr_line' id='line_1_18' title="bbox 303 2125 2123 2205; baseline 0.001 -20"><span class='ocrx_word' id='word_1_131' title='bbox 303 2138 364 2187; x_wconf 88' lang='lat' dir='ltr'>et</span> <span class='ocrx_word' id='word_1_132' title='bbox 388 2127 765 2201; x_wconf 83' lang='lat' dir='ltr'>multitudini,</span> <span class='ocrx_word' id='word_1_133' title='bbox 794 2125 951 2205; x_wconf 70' lang='lat' dir='ltr'>quod</span> <span class='ocrx_word' id='word_1_134' title='bbox 980 2127 1146 2186; x_wconf 85' lang='lat' dir='ltr'>Darii</span> <span class='ocrx_word' id='word_1_135' title='bbox 1174 2145 1358 2205; x_wconf 85' lang='lat' dir='ltr'>regno</span> <span class='ocrx_word' id='word_1_136' title='bbox 1400 2126 1653 2205; x_wconf 89' lang='lat' dir='ltr'>ipsorum</span> <span class='ocrx_word' id='word_1_137' title='bbox 1701 2127 1984 2187; x_wconf 80' lang='lat' dir='ltr'>niteretur</span> <span class='ocrx_word' id='word_1_138' title='bbox 2023 2128 2123 2187; x_wconf 87' lang='lat' dir='ltr'>do-</span> 
     </span>
     <span class='ocr_line' id='line_1_19' title="bbox 305 2223 2121 2301; baseline 0 -20"><span class='ocrx_word' id='word_1_139' title='bbox 305 2224 582 2295; x_wconf 82' lang='lat' dir='ltr'>minati03</span> <span class='ocrx_word' id='word_1_140' title='bbox 625 2244 738 2300; x_wconf 91' lang='lat' dir='ltr'>quo</span> <span class='ocrx_word' id='word_1_141' title='bbox 764 2225 1042 2297; x_wconf 84' lang='lat' dir='ltr'>extincte,</span> <span class='ocrx_word' id='word_1_142' title='bbox 1071 2224 1226 2301; x_wconf 86' lang='lat' dir='ltr'>ipsos</span> <span class='ocrx_word' id='word_1_143' title='bbox 1261 2235 1546 2301; x_wconf 84' lang='lat' dir='ltr'>potestate</span> <span class='ocrx_word' id='word_1_144' title='bbox 1586 2224 1855 2301; x_wconf 86' lang='lat' dir='ltr'>expulsos</span> <span class='ocrx_word' id='word_1_145' title='bbox 1895 2223 2121 2282; x_wconf 74' lang='lat' dir='ltr'>civibus</span> 
     </span>
     <span class='ocr_line' id='line_1_20' title="bbox 304 2319 2121 2397; baseline 0.002 -21"><span class='ocrx_word' id='word_1_146' title='bbox 304 2320 424 2377; x_wconf 88' lang='lat' dir='ltr'>suis</span> <span class='ocrx_word' id='word_1_147' title='bbox 443 2340 646 2397; x_wconf 85' lang='lat' dir='ltr'>poenas</span> <span class='ocrx_word' id='word_1_148' title='bbox 674 2322 926 2379; x_wconf 87' lang='lat' dir='ltr'>daturos.</span> <span class='ocrx_word' id='word_1_149' title='bbox 1010 2320 1216 2396; x_wconf 84' lang='lat' dir='ltr'>Itaque</span> <span class='ocrx_word' id='word_1_150' title='bbox 1246 2319 1393 2379; x_wconf 69' lang='lat' dir='ltr'>adeo</span> <span class='ocrx_word' id='word_1_151' title='bbox 1432 2340 1495 2378; x_wconf 90' lang='lat' dir='ltr'>se</span> <span class='ocrx_word' id='word_1_152' title='bbox 1539 2321 1847 2379; x_wconf 81' lang='lat' dir='ltr'>abliorrere</span> <span class='ocrx_word' id='word_1_153' title='bbox 1892 2338 1927 2378; x_wconf 89' lang='lat' dir='ltr'>a</span> <span class='ocrx_word' id='word_1_154' title='bbox 1953 2332 2121 2379; x_wconf 74' lang='lat' dir='ltr'>caete-</span> 
     </span>
     <span class='ocr_line' id='line_1_21' title="bbox 303 2413 2239 2493; baseline 0.001 -22"><span class='ocrx_word' id='word_1_155' title='bbox 303 2434 495 2472; x_wconf 90' lang='lat' dir='ltr'>rorum</span> <span class='ocrx_word' id='word_1_156' title='bbox 524 2415 788 2488; x_wconf 86' lang='lat' dir='ltr'>consilio,</span> <span class='ocrx_word' id='word_1_157' title='bbox 818 2426 883 2474; x_wconf 88' lang='lat' dir='ltr'>ut</span> <span class='ocrx_word' id='word_1_158' title='bbox 909 2416 1055 2473; x_wconf 77' lang='lat' dir='ltr'>nihil</span> <span class='ocrx_word' id='word_1_159' title='bbox 1083 2426 1248 2493; x_wconf 85' lang='lat' dir='ltr'>putet</span> <span class='ocrx_word' id='word_1_160' title='bbox 1275 2415 1416 2492; x_wconf 87' lang='lat' dir='ltr'>ipsis</span> <span class='ocrx_word' id='word_1_161' title='bbox 1441 2415 1661 2489; x_wconf 86' lang='lat' dir='ltr'>utilius,</span> <span class='ocrx_word' id='word_1_162' title='bbox 1689 2413 1865 2491; x_wconf 69' lang='lat' dir='ltr'>quam</span> <span class='ocrx_word' id='word_1_163' title='bbox 1912 2415 2121 2474; x_wconf 81' lang='lat' dir='ltr'>confir-</span> <span class='ocrx_word' id='word_1_164' title='bbox 2158 2414 2239 2473; x_wconf 71' lang='lat'>20</span> 
     </span>
     <span class='ocr_line' id='line_1_22' title="bbox 304 2507 2121 2587; baseline 0.001 -21"><span class='ocrx_word' id='word_1_165' title='bbox 304 2509 449 2566; x_wconf 83' lang='lat' dir='ltr'>mari</span> <span class='ocrx_word' id='word_1_166' title='bbox 476 2528 722 2585; x_wconf 85' lang='lat' dir='ltr'>regnum</span> <span class='ocrx_word' id='word_1_167' title='bbox 749 2507 1075 2568; x_wconf 78' lang='lat' dir='ltr'>Persarum.</span> <span class='ocrx_word' id='word_1_168' title='bbox 1160 2508 1356 2585; x_wconf 82' lang='lat' dir='ltr'>Hujus</span> <span class='ocrx_word' id='word_1_169' title='bbox 1381 2530 1561 2585; x_wconf 92' lang='lat' dir='ltr'>quum</span> <span class='ocrx_word' id='word_1_170' title='bbox 1604 2510 1953 2570; x_wconf 84' lang='lat' dir='ltr'>sententiam</span> <span class='ocrx_word' id='word_1_171' title='bbox 1971 2559 1976 2564; x_wconf 88' lang='lat'>.</span> <span class='ocrx_word' id='word_1_172' title='bbox 1996 2512 2121 2587; x_wconf 84' lang='lat' dir='ltr'>plu-</span> 
     </span>
     <span class='ocr_line' id='line_1_23' title="bbox 303 2599 2118 2677; baseline 0.001 -15"><span class='ocrx_word' id='word_1_173' title='bbox 303 2604 434 2662; x_wconf 85' lang='lat' dir='ltr'>rimi</span> <span class='ocrx_word' id='word_1_174' title='bbox 461 2616 657 2663; x_wconf 88' lang='lat' dir='ltr'>essent</span> <span class='ocrx_word' id='word_1_175' title='bbox 684 2599 891 2677; x_wconf 79' lang='lat' dir='ltr'>secuti,</span> <span class='ocrx_word' id='word_1_176' title='bbox 921 2599 1219 2662; x_wconf 68' lang='lat' dir='ltr'>Miltiaden</span> <span class='ocrx_word' id='word_1_177' title='bbox 1265 2623 1385 2662; x_wconf 86' lang='lat' dir='ltr'>non</span> <span class='ocrx_word' id='word_1_178' title='bbox 1429 2605 1720 2677; x_wconf 89' lang='lat' dir='ltr'>dubitans,</span> <span class='ocrx_word' id='word_1_179' title='bbox 1764 2616 1883 2663; x_wconf 82' lang='lat' dir='ltr'>tam</span> <span class='ocrx_word' id='word_1_180' title='bbox 1920 2604 2118 2663; x_wconf 84' lang='lat' dir='ltr'>multis</span> 
     </span>
     <span class='ocr_line' id='line_1_24' title="bbox 303 2697 2119 2777; baseline 0.002 -20"><span class='ocrx_word' id='word_1_181' title='bbox 303 2699 578 2773; x_wconf 78' lang='lat' dir='ltr'>consciis,</span> <span class='ocrx_word' id='word_1_182' title='bbox 610 2701 683 2757; x_wconf 80' lang='lat' dir='ltr'>ad</span> <span class='ocrx_word' id='word_1_183' title='bbox 713 2699 903 2776; x_wconf 84' lang='lat' dir='ltr'>Regis</span> <span class='ocrx_word' id='word_1_184' title='bbox 931 2713 1102 2757; x_wconf 76' lang='lat' dir='ltr'>aures</span> <span class='ocrx_word' id='word_1_185' title='bbox 1114 2697 1376 2758; x_wconf 62' lang='lat' dir='ltr'>eonsffia</span> <span class='ocrx_word' id='word_1_186' title='bbox 1399 2718 1507 2758; x_wconf 86' lang='lat' dir='ltr'>sua</span> <span class='ocrx_word' id='word_1_187' title='bbox 1530 2711 1897 2777; x_wconf 84' lang='lat' dir='ltr'>perventura,</span> <span class='ocrx_word' id='word_1_188' title='bbox 1935 2700 2119 2770; x_wconf 73' lang='lat' dir='ltr'>Cher·</span> 
     </span>
     <span class='ocr_line' id='line_1_25' title="bbox 302 2795 2120 2873; baseline 0.001 -20"><span class='ocrx_word' id='word_1_189' title='bbox 302 2795 833 2871; x_wconf 82' lang='lat' dir='ltr'>sonesumreliquit</span> <span class='ocrx_word' id='word_1_190' title='bbox 860 2809 930 2853; x_wconf 73' lang='lat' dir='ltr'>ac</span> <span class='ocrx_word' id='word_1_191' title='bbox 957 2809 1157 2853; x_wconf 74' lang='lat' dir='ltr'>rursus</span> <span class='ocrx_word' id='word_1_192' title='bbox 1185 2796 1453 2854; x_wconf 76' lang='lat' dir='ltr'>Athenas</span> <span class='ocrx_word' id='word_1_193' title='bbox 1482 2795 1847 2873; x_wconf 78' lang='lat' dir='ltr'>demigravit.</span> <span class='ocrx_word' id='word_1_194' title='bbox 1930 2796 2120 2873; x_wconf 72' lang='lat' dir='ltr'>Cujus</span> 
     </span>
     <span class='ocr_line' id='line_1_26' title="bbox 304 2889 2237 2968; baseline 0 -19"><span class='ocrx_word' id='word_1_195' title='bbox 304 2890 449 2949; x_wconf 86' lang='lat' dir='ltr'>ratio</span> <span class='ocrx_word' id='word_1_196' title='bbox 474 2890 585 2949; x_wconf 85' lang='lat' dir='ltr'>etsi</span> <span class='ocrx_word' id='word_1_197' title='bbox 625 2909 745 2949; x_wconf 86' lang='lat' dir='ltr'>non</span> <span class='ocrx_word' id='word_1_198' title='bbox 773 2889 971 2963; x_wconf 76' lang='lat' dir='ltr'>valuit,</span> <span class='ocrx_word' id='word_1_199' title='bbox 1020 2901 1215 2948; x_wconf 82' lang='lat' dir='ltr'>tamen</span> <span class='ocrx_word' id='word_1_200' title='bbox 1263 2909 1615 2968; x_wconf 83' lang='lat' dir='ltr'>magnopere</span> <span class='ocrx_word' id='word_1_201' title='bbox 1664 2901 1753 2949; x_wconf 88' lang='lat' dir='ltr'>est</span> <span class='ocrx_word' id='word_1_202' title='bbox 1785 2891 2113 2964; x_wconf 79' lang='lat' dir='ltr'>laudanda,</span> <span class='ocrx_word' id='word_1_203' title='bbox 2155 2890 2237 2949; x_wconf 72' lang='lat'>25</span> 
     </span>
     <span class='ocr_line' id='line_1_27' title="bbox 300 2983 2115 3062; baseline 0.001 -20"><span class='ocrx_word' id='word_1_204' title='bbox 300 3004 478 3062; x_wconf 87' lang='lat' dir='ltr'>quum</span> <span class='ocrx_word' id='word_1_205' title='bbox 508 2986 747 3045; x_wconf 83' lang='lat' dir='ltr'>amicior</span> <span class='ocrx_word' id='word_1_206' title='bbox 767 2985 1029 3045; x_wconf 75' lang='lat' dir='ltr'>omnium</span> <span class='ocrx_word' id='word_1_207' title='bbox 1056 2983 1329 3059; x_wconf 80' lang='lat' dir='ltr'>libertati,</span> <span class='ocrx_word' id='word_1_208' title='bbox 1366 2983 1540 3061; x_wconf 70' lang='lat' dir='ltr'>quam</span> <span class='ocrx_word' id='word_1_209' title='bbox 1567 3004 1690 3044; x_wconf 77' lang='lat' dir='ltr'>suae</span> <span class='ocrx_word' id='word_1_210' title='bbox 1734 2986 1907 3045; x_wconf 83' lang='lat' dir='ltr'>fuerit</span> <span class='ocrx_word' id='word_1_211' title='bbox 1953 2986 2115 3045; x_wconf 82' lang='lat' dir='ltr'>dom·</span> 
     </span>
     <span class='ocr_line' id='line_1_28' title="bbox 302 3079 567 3140; baseline 0 -2"><span class='ocrx_word' id='word_1_212' title='bbox 302 3079 567 3140; x_wconf 82' lang='lat' dir='ltr'>inationi.</span> 
     </span>
    </p>

    <p class='ocr_par' dir='ltr' id='par_1_5' title="bbox 300 3173 2235 3733">
     <span class='ocr_line' id='line_1_29' title="bbox 381 3173 2113 3253; baseline 0 -19"><span class='ocrx_word' id='word_1_213' title='bbox 381 3176 488 3235; x_wconf 86' lang='lat' dir='ltr'>lv.</span> <span class='ocrx_word' id='word_1_214' title='bbox 573 3175 787 3234; x_wconf 85' lang='lat' dir='ltr'>Darius</span> <span class='ocrx_word' id='word_1_215' title='bbox 800 3186 992 3234; x_wconf 83' lang='lat' dir='ltr'>autem</span> <span class='ocrx_word' id='word_1_216' title='bbox 1010 3193 1187 3250; x_wconf 90' lang='lat' dir='ltr'>quum</span> <span class='ocrx_word' id='word_1_217' title='bbox 1205 3193 1277 3233; x_wconf 88' lang='lat' dir='ltr'>ex</span> <span class='ocrx_word' id='word_1_218' title='bbox 1294 3173 1530 3253; x_wconf 57' lang='lat' dir='ltr'>Europa</span> <span class='ocrx_word' id='word_1_219' title='bbox 1548 3174 1607 3233; x_wconf 90' lang='lat' dir='ltr'>in</span> <span class='ocrx_word' id='word_1_220' title='bbox 1626 3175 1831 3233; x_wconf 83' lang='lat' dir='ltr'>Asiam</span> <span class='ocrx_word' id='word_1_221' title='bbox 1847 3174 2113 3250; x_wconf 72' lang='lat' dir='ltr'>redisset,</span> 
     </span>
     <span class='ocr_line' id='line_1_30' title="bbox 302 3270 2116 3350; baseline -0.002 -18"><span class='ocrx_word' id='word_1_222' title='bbox 302 3272 665 3332; x_wconf 80' lang='lat' dir='ltr'>hortantibus</span> <span class='ocrx_word' id='word_1_223' title='bbox 695 3270 918 3345; x_wconf 81' lang='lat' dir='ltr'>amicis,</span> <span class='ocrx_word' id='word_1_224' title='bbox 947 3283 1013 3331; x_wconf 88' lang='lat' dir='ltr'>ut</span> <span class='ocrx_word' id='word_1_225' title='bbox 1039 3271 1330 3330; x_wconf 71' lang='lat' dir='ltr'>Graeciam</span> <span class='ocrx_word' id='word_1_226' title='bbox 1372 3272 1664 3350; x_wconf 83' lang='lat' dir='ltr'>redigeret</span> <span class='ocrx_word' id='word_1_227' title='bbox 1700 3272 1761 3329; x_wconf 86' lang='lat' dir='ltr'>in</span> <span class='ocrx_word' id='word_1_228' title='bbox 1805 3291 1969 3330; x_wconf 78' lang='lat' dir='ltr'>suam</span> <span class='ocrx_word' id='word_1_229' title='bbox 2011 3271 2116 3350; x_wconf 47' lang='lat' dir='ltr'>po&amp;</span> 
     </span>
     <span class='ocr_line' id='line_1_31' title="bbox 300 3367 2235 3445; baseline 0 -18"><span class='ocrx_word' id='word_1_230' title='bbox 300 3379 589 3443; x_wconf 84' lang='lat' dir='ltr'>testatem,</span> <span class='ocrx_word' id='word_1_231' title='bbox 638 3368 888 3427; x_wconf 80' lang='lat' dir='ltr'>classem</span> <span class='ocrx_word' id='word_1_232' title='bbox 934 3368 1386 3445; x_wconf 83' lang='lat' dir='ltr'>quingentarum</span> <span class='ocrx_word' id='word_1_233' title='bbox 1448 3367 1683 3425; x_wconf 80' lang='lat' dir='ltr'>navium</span> <span class='ocrx_word' id='word_1_234' title='bbox 1741 3367 2115 3445; x_wconf 78' lang='lat' dir='ltr'>comparavit,</span> <span class='ocrx_word' id='word_1_235' title='bbox 2146 3367 2235 3427; x_wconf 68' lang='grc'>90</span> 
     </span>
     <span class='ocr_line' id='line_1_32' title="bbox 300 3463 2113 3542; baseline 0.001 -19"><span class='ocrx_word' id='word_1_236' title='bbox 300 3465 469 3541; x_wconf 85' lang='lat' dir='ltr'>eique</span> <span class='ocrx_word' id='word_1_237' title='bbox 508 3465 708 3524; x_wconf 87' lang='lat' dir='ltr'>Datim</span> <span class='ocrx_word' id='word_1_238' title='bbox 735 3464 995 3542; x_wconf 75' lang='lat' dir='ltr'>praefecit</span> <span class='ocrx_word' id='word_1_239' title='bbox 1020 3476 1081 3523; x_wconf 90' lang='lat' dir='ltr'>et</span> <span class='ocrx_word' id='word_1_240' title='bbox 1109 3465 1573 3541; x_wconf 81' lang='lat' dir='ltr'>Artaphernem3</span> <span class='ocrx_word' id='word_1_241' title='bbox 1617 3463 1819 3540; x_wconf 84' lang='lat' dir='ltr'>hisque</span> <span class='ocrx_word' id='word_1_242' title='bbox 1857 3465 2113 3524; x_wconf 78' lang='lat' dir='ltr'>ducenta</span> 
     </span>
     <span class='ocr_line' id='line_1_33' title="bbox 301 3559 2112 3639; baseline 0.001 -20"><span class='ocrx_word' id='word_1_243' title='bbox 301 3562 580 3639; x_wconf 88' lang='lat' dir='ltr'>peditum,</span> <span class='ocrx_word' id='word_1_244' title='bbox 610 3559 815 3619; x_wconf 82' lang='lat' dir='ltr'>decem</span> <span class='ocrx_word' id='word_1_245' title='bbox 843 3560 1024 3619; x_wconf 70' lang='lat' dir='ltr'>millia</span> <span class='ocrx_word' id='word_1_246' title='bbox 1050 3560 1330 3637; x_wconf 88' lang='lat' dir='ltr'>equitum,</span> <span class='ocrx_word' id='word_1_247' title='bbox 1360 3560 1519 3620; x_wconf 88' lang='lat' dir='ltr'>dedit</span> <span class='ocrx_word' id='word_1_248' title='bbox 1544 3580 1557 3618; x_wconf 90' lang='lat'>:</span> <span class='ocrx_word' id='word_1_249' title='bbox 1600 3579 1835 3619; x_wconf 87' lang='lat' dir='ltr'>causam</span> <span class='ocrx_word' id='word_1_250' title='bbox 1874 3562 2112 3620; x_wconf 73' lang='lat' dir='ltr'>interse-</span> 
     </span>
     <span class='ocr_line' id='line_1_34' title="bbox 302 3655 2114 3733; baseline -0.001 -16"><span class='ocrx_word' id='word_1_251' title='bbox 302 3674 454 3733; x_wconf 83' lang='lat' dir='ltr'>rens,</span> <span class='ocrx_word' id='word_1_252' title='bbox 483 3677 547 3716; x_wconf 87' lang='lat' dir='ltr'>se</span> <span class='ocrx_word' id='word_1_253' title='bbox 574 3659 798 3717; x_wconf 87' lang='lat' dir='ltr'>hostem</span> <span class='ocrx_word' id='word_1_254' title='bbox 826 3676 954 3715; x_wconf 88' lang='lat' dir='ltr'>esse</span> <span class='ocrx_word' id='word_1_255' title='bbox 984 3657 1465 3732; x_wconf 84' lang='lat' dir='ltr'>Atheniensibus,</span> <span class='ocrx_word' id='word_1_256' title='bbox 1494 3655 1648 3733; x_wconf 71' lang='lat' dir='ltr'>quod</span> <span class='ocrx_word' id='word_1_257' title='bbox 1676 3677 1876 3717; x_wconf 90' lang='lat' dir='ltr'>eorum</span> <span class='ocrx_word' id='word_1_258' title='bbox 1899 3656 2114 3716; x_wconf 76' lang='lat' dir='ltr'>auxilio</span> 
     </span>
    </p>

    <p class='ocr_par' dir='ltr' id='par_1_6' title="bbox 702 3754 802 3811">
     <span class='ocr_line' id='line_1_35' title="bbox 702 3754 802 3811; baseline 0 -22"><span class='ocrx_word' id='word_1_259' title='bbox 702 3754 732 3811; x_wconf 80' lang='lat'><em>1</em></span> <span class='ocrx_word' id='word_1_260' title='bbox 766 3754 802 3789; x_wconf 61' lang='lat' dir='ltr'>O</span> 
     </span>
    </p>
   </div>
  </div>
 </body>
</html>
