2619 4349
312 408 387 472 10
1045 416 1624 468 Tusmswooms.

427 577 738 654 quotannis
765 577 1047 650 interiret,
1076 577 1173 635 ilie
1199 578 1488 654 persuasit
1513 578 1745 654 populo,
1784 587 1851 637 ut
1892 580 1965 638 ea
2008 578 2258 655 pecunia

424 674 631 732 classis
696 685 935 733 eentum
994 673 1230 732 navium
1295 674 1698 734 edificat-etur.
1780 674 1925 738 Qua
1992 675 2261 735 celeriter

425 769 656 843 effecta,
710 766 964 847 primum
1017 770 1358 846 Corcyraeos
1415 770 1606 847 fregit,
1673 769 1889 828 deinde
1942 769 2261 829 maritimos

424 866 728 941 praedones
780 866 1175 925 consectando
1227 884 1389 924 mare
1434 877 1622 925 tutum
1670 865 1941 924 reddidit.
2025 865 2098 924 In
2144 885 2262 942 quo

344 958 391 1018 5
426 972 550 1021 tum
573 962 789 1020 divitiis
815 962 1062 1036 ornavit,
1090 974 1215 1022 tum
1256 962 1435 1021 etiam
1467 962 1847 1040 peritissimos
1875 962 2011 1021 belli
2038 963 2260 1022 navalis

428 1057 568 1116 fecit
621 1057 1033 1117 Athenienses,
1116 1057 1188 1115 Id
1230 1070 1462 1136 quantae
1523 1057 1695 1117 saluti
1750 1058 1921 1118 fuerit
1976 1058 2259 1117 universae

425 1153 690 1228 Graeciae,
722 1155 872 1213 bello
918 1154 1218 1230 cognitum
1265 1166 1357 1213 est
1402 1153 1660 1228 Persico,
1703 1174 1882 1231 quum
1926 1153 2156 1213 Xerxes
2200 1165 2260 1214 et

426 1248 572 1306 mari
601 1260 661 1307 et
687 1250 843 1308 terra
871 1249 1088 1307 bellum
1116 1248 1401 1307 universae
1431 1248 1671 1307 inferret
1697 1248 1946 1325 Europae
1975 1268 2112 1307 cum
2133 1260 2260 1307 tan-

425 1343 501 1401 tis
522 1343 725 1420 copiis,
750 1355 997 1419 quantas
1023 1363 1212 1419 neque
1236 1353 1410 1402 antea
1434 1362 1628 1419 neque
1654 1355 1856 1420 postea
1878 1344 2081 1403 habuit
2106 1343 2261 1420 quis-

317 1438 388 1497 lo
426 1457 618 1515 quam.
702 1439 899 1516 Hujus
919 1439 1076 1498 enim
1100 1439 1303 1498 classis
1331 1439 1490 1497 mille
1517 1451 1577 1498 et
1604 1440 1988 1498 ducentarum
2022 1439 2259 1498 navium

425 1534 872 1610 longarum-fuit,
891 1552 1063 1610 quam
1082 1536 1199 1594 duo
1215 1534 1398 1593 millia
1417 1535 1810 1594 onerariarum
1834 1535 2222 1611 sequebantur
2240 1556 2257 1606 ;

427 1640 727 1688 terrestres
756 1641 949 1689 autem
977 1629 1268 1689 exercitus
1294 1630 1794 1708 septingentorum
1822 1629 2067 1689 millium
2097 1629 2262 1708 pedi·-

429 1736 574 1798 tum‚
597 1725 855 1801 equitum
882 1726 1438 1803 quadringentorum
1463 1726 1706 1785 millium
1738 1728 1989 1786 fuerunt.
2072 1726 2264 1804 Cujus

427 1821 501 1878 de
517 1822 771 1880 adventu
788 1841 965 1898 quum
990 1821 1222 1881 samaia
1240 1822 1531 1881 Graeciam
1553 1834 1707 1881 esset
1733 1824 1971 1900 perlata,
2000 1834 2061 1881 et
2080 1822 2264 1880 maxi·

314 1915 395 1974 15
428 1913 523 1973 me
543 1917 938 1975 Athenienses
953 1917 1071 1994 peti
1085 1918 1420 1977 dicerentur
1436 1929 1667 1995 propter
1684 1937 1943 1995 pugnam
1966 1917 2268 1978 Maratho-

429 2011 621 2084 niam;
663 2013 948 2074 miserunt
974 2013 1236 2091 Delphos
1279 2016 1631 2088 consultum,
1674 2013 1951 2090 quidnam
1999 2015 2263 2077 facerent

428 2109 502 2181 de
555 2110 729 2168 rebus
777 2110 915 2168 suiS.
1015 2110 1491 2170 Deliberantibus
1560 2110 1773 2187 Pythia
1823 2111 2140 2189 respondit,
2197 2121 2265 2171 ut

427 2205 718 2264 moenibus
745 2206 956 2283 ligneis
999 2226 1061 2265 se
1103 2208 1417 2266 munirent.
1504 2206 1577 2264 Id
1598 2225 1938 2283 responsum
1967 2205 2083 2283 quo
2111 2208 2266 2267 vale·

430 2312 519 2360 ret
571 2321 751 2377 quum
805 2302 1157 2379 intelligeret
1208 2321 1403 2377 neme,
1468 2302 1902 2362 Themistocles
1953 2303 2262 2380 persuasit,

307 2385 399 2457 26
429 2396 737 2455 consilium
766 2416 894 2456 esse
922 2398 1233 2475 Apollinis,
1262 2410 1328 2457 ut
1355 2398 1414 2456 in
1444 2417 1623 2456 naves
1665 2417 1728 2456 se
1772 2414 1991 2475 suaque
2039 2400 2264 2458 conser-

426 2502 591 2563 τεαῖς
651 2510 786 2549 eum
840 2491 999 2550 enim
1053 2511 1088 2551 a
1141 2494 1252 2552 deo
1305 2493 1626 2570 significari
1697 2513 1925 2553 murum
1981 2494 2259 2571 ligneum.

428 2587 567 2645 Tali
616 2586 862 2646 consilio
914 2588 1174 2664 probato,
1231 2589 1455 2648 addunt
1510 2590 1586 2647 ad
1642 2591 1967 2667 superiores
2019 2588 2260 2647 totidem

427 2701 605 2741 naves
655 2682 941 2757 triremes,
997 2701 1215 2759 suaque
1268 2685 1468 2743 omnia
1520 2704 1650 2759 quae
1703 2684 1920 2743 moveri
1973 2694 2261 2759 poterant,

426 2778 635 2854 partim
690 2778 991 2837 Salamina
1042 2778 1253 2856 partim
1308 2779 1609 2837 Troezena
1674 2789 2001 2855 asportant3
2066 2793 2259 2836 arcem

308 2871 388 2931 25
428 2872 825 2931 sacerdotibus
851 2873 1167 2949 paucisque
1197 2874 1513 2950 majoribus
1541 2886 1703 2944 natu,
1735 2892 1805 2930 ac
1849 2891 2015 2931 sacra
2056 2891 2261 2949 procu·

428 2968 613 3025 randa
639 2968 876 3025 tradunt
899 2987 914 3038 3
957 2968 1240 3045 reliquum
1263 2967 1539 3045 oppidum
1569 2968 1920 3043 relinquunt.

508 3060 625 3119 ΙΙΙ.
730 3062 926 3138 Hujus
987 3063 1298 3121 consilium
1341 3063 1628 3141 plerisque
1683 3062 2015 3121 civitatibus
2063 3063 2260 3139 displi-

429 3158 621 3229 cebat,
651 3169 710 3216 et
740 3156 798 3214 in
828 3158 982 3215 terra
1010 3157 1276 3215 dimicari
1299 3159 1486 3234 magis
1502 3158 1787 3234 placebat.
1823 3211 1840 3222 ,
1871 3158 2076 3233 Itaque
2098 3156 2257 3214 missi

430 3263 566 3310 sunt
588 3251 801 3309 delecti
828 3269 965 3308 cum
1007 3250 1291 3324 Leonida,
1332 3251 1910 3311 Lacedaemoniorum
1954 3272 2113 3329 rege,
2159 3256 2253 3329 qui

310 3348 391 3407 3⁰
430 3347 856 3422 Thermopylas
881 3356 1258 3421 occuparent,
1302 3344 1646 3421 longiusque
1686 3348 1957 3406 barbaros
1984 3347 2257 3425 progredi

430 3463 548 3501 non
604 3452 956 3519 paterentur.
1063 3440 1143 3497 Hi
1199 3440 1314 3498 vim
1370 3441 1622 3499 hostium
1678 3461 1794 3499 non
1838 3443 2256 3517 sustinuerunt,

427 3556 612 3611 eoque
656 3538 785 3594 loco
837 3555 1040 3594 omnes
1097 3534 1458 3595 interierunt.
1543 3538 1626 3595 At
1680 3537 1884 3595 classis
1931 3537 2259 3597 communis

426 3631 671 3691 Graeciae
725 3642 1117 3691 trecentarum
1171 3633 1427 3707 navium,
1469 3631 1544 3700 ¹in
1599 3633 1713 3710 qua
1770 3633 2038 3692 ducentae
2091 3648 2260 3696 erant
