2619 4349
306 403 385 460 62
1072 411 1349 461 ΕΡΑΜΙΝ
1352 411 1448 461 ΟΝ
1451 412 1593 461 DAS

434 569 696 642 fuissent,
726 581 783 627 et
812 569 1022 627 diversi
1052 570 1454 628 discessissent
1476 571 1709 646 jamque
1737 570 1936 645 procul
1966 569 2247 628 Datames

426 665 686 733 abesset3
730 663 1118 737 Mithridates,
1146 664 1496 742 priusquam·
1522 665 1594 722 ad
1636 684 1770 722 suos
1796 664 2141 739 perveniret,
2172 682 2246 720 ne

422 778 594 833 quam
636 751 1023 834 suspicionem
1063 770 1311 834 pareret,
1342 759 1402 816 in
1430 759 1681 816 eundem
1702 758 1895 816 locum
1923 758 2246 830 revertitur,

426 865 594 928 atque
643 853 744 925 ibi,
788 853 888 910 ubi
934 854 1113 911 telum
1161 864 1287 912 erat
1333 853 1683 929 impositum,
1725 853 1960 926 resedit,
2004 864 2068 912 ut
2115 853 2164 909 si
2214 872 2250 909 a

343 950 383 1004 5
422 947 763 1005 lassitudine
818 960 1055 1023 cuperet
1113 948 1518 1023 acquiescere;
1601 947 2024 1024 Datamemque
2090 967 2248 1005 revo-

424 1042 595 1115 cavit,
644 1042 922 1099 simulans
963 1062 1025 1100 se
1065 1042 1340 1118 quiddam
1381 1043 1442 1100 in
1483 1042 1767 1119 colloquio
1808 1062 1936 1100 esse
1983 1042 2244 1100 oblitum.

424 1137 664 1195 Interim
686 1138 886 1210 telum,
910 1138 1320 1212 quodlatebat,
1341 1137 1595 1214 protulit,
1618 1137 2013 1212 nudatumque
2035 1136 2246 1212 vagina

424 1244 579 1290 veste
620 1232 782 1305 texit,
813 1251 882 1289 ac
911 1233 1145 1289 Datami
1173 1231 1429 1291 venienti
1458 1232 1558 1305 ait,
1586 1232 1996 1306 digredientem
2023 1250 2080 1289 se
2121 1232 2247 1287 ani-

422 1327 807 1398 madvertisse,
851 1327 1027 1383 locum
1068 1326 1365 1402 quendam,
1408 1327 1505 1402 qui
1546 1338 1670 1385 erat
1699 1326 1757 1384 in
1800 1338 2137 1402 conspectu,
2167 1326 2250 1383 ad

310 1421 384 1477 10
426 1427 623 1476 castra
653 1420 925 1495 ponenda
962 1413 1076 1477 esse
1104 1420 1379 1478 idoneum.
1461 1420 1660 1482 Quem
1704 1440 1881 1496 quum
1924 1420 2106 1498 digito
2148 1421 2248 1478 de-

422 1525 783 1586 monstraret,
813 1526 871 1572 et
912 1514 1006 1571 ille
1035 1514 1417 1590 conspiceret,
1447 1534 1709 1573 aversum
1739 1517 1888 1574 ferro
1925 1514 2242 1574 transfixit:

423 1607 712 1685 priusque,
746 1607 917 1684 quam
958 1609 1257 1685 quisquam
1298 1623 1494 1687 posset
1532 1630 1892 1684 succurrere,
1935 1609 2243 1668 interfecit.

422 1702 514 1762 Ita
541 1703 644 1776 vir,
686 1705 783 1779 qui
824 1704 1032 1761 multos
1072 1704 1336 1777 consilio,
1374 1705 1667 1763 neminem
1706 1705 1949 1782 perfidia
1990 1718 2244 1781 ceperat,

424 1799 689 1857 simulata
718 1811 924 1875 captus
947 1810 1035 1858 est
1064 1799 1337 1858 amicitia.

824 2263 961 2321 XV.
1044 2262 1752 2323 EPAMINONDA
1776 2268 1848 2324 S.

311 2455 386 2513 15
505 2453 553 2510 Ι.
636 2452 1101 2530 Epaminondas,
1155 2454 1439 2530 Polymni
1472 2453 1670 2531 filius,
1725 2455 2048 2513 Thebanus.
2150 2456 2242 2514 De

426 2550 537 2607 hoc
589 2548 921 2625 priusquam
974 2548 1317 2622 scribamus,
1360 2549 1487 2605 haec
1541 2548 1930 2625 praecipienda
1980 2549 2244 2607 videntur

423 2644 754 2716 lectoribus,
783 2662 858 2701 ne
888 2644 1106 2702 alienos
1146 2663 1334 2701 mores
1376 2644 1448 2700 ad
1477 2662 1611 2701 suos
1648 2645 1936 2714 referant;
1979 2664 2124 2701 neve
2153 2665 2243 2716 ea,

423 2757 550 2814 quae
590 2738 729 2814 ipsis
768 2737 982 2795 leviora
1021 2748 1176 2809 sunt,
1216 2736 1343 2812 pari
1382 2737 1553 2793 modo
1595 2739 1746 2812 apud
1789 2749 2027 2795 caeteros
2070 2741 2244 2796 sunsse

427 2833 789 2892 arbitrentur.
899 2830 1132 2888 Scimus
1162 2831 1361 2902 enim,
1411 2830 1672 2888 musicen
1728 2833 1937 2889 nostris
1990 2834 2246 2891 moribus

304 2929 387 2987 20
428 2929 629 2987 abesse
684 2928 758 2985 ab
808 2925 1087 3003 principis
1137 2926 1422 3001 persona;
1506 2926 1712 2982 saltare
1771 2925 1903 2982 vero
1960 2927 2133 2985 etiam
2185 2929 2244 2984 in

425 3023 577 3081 vitiis
597 3023 769 3099 poni:
810 3040 938 3098 quae
964 3021 1159 3080 omnia
1200 3020 1351 3096 apud
1392 3020 1630 3077 Graecos
1672 3033 1731 3077 et
1770 3033 1935 3095 grata
1975 3033 2033 3078 et
2074 3022 2246 3078 laude.

425 3117 603 3193 digna
641 3119 949 3174 ducuntur.
1057 3116 1262 3176 Quum
1306 3126 1499 3172 autem
1554 3114 1875 3189 exprimere
1932 3115 2247 3191 imaginem

427 3210 864 3270 consuetudinis
919 3221 1088 3284 atque
1129 3208 1258 3266 vitae
1314 3208 1558 3265 velimus
1612 3208 2053 3284 Epaminondae,
2096 3211 2244 3269 nihil

425 3306 685 3365 videmur
725 3304 937 3363 debere
974 3301 1431 3381 praetermittere,
1471 3302 1623 3379 quod
1674 3301 1964 3379 pertineat
2004 3305 2076 3361 ad
2118 3325 2246 3364 eam

298 3398 381 3457 25
422 3396 850 3455 declarandam.
928 3395 1135 3459 Quare
1162 3394 1427 3454 dicemus
1451 3392 1703 3473 primum
1731 3395 1805 3453 de
1832 3414 2048 3472 genere
2086 3395 2246 3471 ejus;

424 3491 658 3566 deinde,
687 3491 896 3568 quibus
937 3491 1261 3569 disciplinis
1288 3502 1350 3550 et
1379 3510 1414 3549 a
1439 3490 1648 3566 quibus
1674 3489 1750 3549 sit
1781 3490 2042 3548 eruditus
2066 3510 2080 3560 ;
2124 3502 2247 3548 tum

423 3587 498 3645 de
538 3587 813 3662 moribus,
844 3587 1176 3665 ingeniique
1221 3585 1613 3660 facultatibuS,
1641 3598 1699 3645 et
1736 3586 1901 3662 siqua
1931 3586 2043 3644 alia
2070 3586 2248 3662 digna
