2619 4349
974 405 1429 457 11²H1CRAT13s.
2152 400 2233 460 47

292 564 427 625 ante
458 566 678 624 dictum
730 578 839 640 est,
861 565 1035 641 quam
1063 565 1251 625 invisa
1277 567 1354 626 sit
1395 566 1709 645 singularis
1748 570 2027 645 potentia,
2056 580 2117 629 et

290 662 619 720 miseranda
647 663 780 735 vita,
810 663 909 737 qui
937 682 999 720 se
1027 663 1229 736 metui,
1252 661 1428 740 quam
1457 665 1641 722 amari
1662 664 1909 739 malunt,
1930 664 2117 724 cuivis

294 759 461 817 facile
491 759 789 817 intellectu
819 758 943 816 suit.
1028 758 1297 835 Namque
1327 758 1411 817 illi
1441 759 1550 835 ipsi
1577 760 1870 833 custodes,
1899 760 1949 818 si
1991 779 2119 837 pro-

290 854 432 930 pitia
481 854 725 912 fuissent
771 854 1085 926 voluntate,
1139 853 1360 913 foribus
1412 853 1669 913 effractis
1710 874 1940 913 servare
1981 873 2119 914 eum

291 948 630 1026 potuissent,
658 947 811 1024 quod
842 949 925 1006 illi
942 948 1194 1007 inermes
1213 950 1395 1009 telum
1419 947 1558 1010 foris
1573 950 1904 1028 flagitantes
1927 951 2119 1010 vivum
2156 951 2200 1011 ⁵

292 1045 584 1104 tenebant.
668 1044 783 1103 Cui
810 1064 987 1120 quum
1031 1058 1400 1106 succurreret
1437 1065 1632 1120 nemo,
1676 1045 1839 1123 Lyco
1884 1046 2120 1122 quidam

295 1142 694 1217 Syracusanus
719 1161 822 1218 per
850 1142 1133 1199 fenestras
1158 1141 1421 1218 gladium
1461 1141 1646 1216 dedit,
1672 1160 1789 1218 quo
1835 1141 1989 1202 Dion
2036 1142 2122 1201 in·

292 1238 566 1295 terfectus
593 1250 696 1296 est.

372 1333 450 1391 X.
534 1334 821 1392 Confecta
866 1334 1049 1407 caede,
1087 1353 1264 1410 quum
1308 1333 1620 1394 multitudo
1664 1333 1890 1393 visendi
1931 1333 2121 1411 gratia

296 1428 604 1502 introisset,
650 1430 919 1489 nonnulli
967 1431 1041 1488 ab
1085 1431 1287 1489 insciis
1329 1451 1434 1509 pro
1476 1431 1667 1490 noxiis
1708 1430 2117 1491 conciduntur.
2165 1430 2242 1491 10

294 1524 451 1582 Nam
478 1525 653 1584 celeri
681 1546 909 1584 rumore
931 1526 1130 1599 dilato,
1160 1526 1341 1586 Dioni
1368 1527 1484 1585 vim
1512 1527 1767 1601 allatam,
1796 1526 1962 1587 multi
1985 1545 2123 1586 con·

294 1632 615 1695 currerant,
663 1621 873 1698 quibus
925 1623 1042 1681 tale
1096 1622 1327 1681 facinus
1379 1622 1743 1699 displicebat.
1843 1620 1926 1680 Hi
1976 1620 2122 1681 salsa

295 1715 623 1792 suspicione
677 1716 859 1789 ducti,
915 1716 1287 1776 immerentes
1341 1729 1407 1776 ut
1458 1718 1771 1777 sceleratos
1820 1716 2120 1777 occidunt.

295 1811 490 1888 Hujus
520 1812 591 1869 de
622 1825 803 1871 morte
831 1825 896 1870 ut
929 1810 1123 1891 palam
1167 1813 1386 1873 sactum
1429 1825 1539 1887 est,
1581 1812 1921 1872 mirabiliter
1965 1811 2121 1889 vulgi

294 1919 516 1965 mutata
541 1920 630 1966 est
676 1908 957 1966 voluntas.
1040 1907 1197 1966 Nam
1241 1907 1343 1984 qui
1389 1908 1584 1966 vivum
1629 1927 1764 1966 eum
1813 1916 2124 1984 tyrannum
2168 1909 2243 1968 15

296 2000 636 2075 vocitatam,
666 2002 842 2060 iidem
886 2003 1243 2062 liberatorem
1267 2003 1492 2079 patria
1541 2003 1890 2079 tyrannique
1937 2003 2127 2079 expul-

294 2117 471 2156 sorem
491 2098 903 2174 praedicabant.
989 2098 1092 2156 Sic
1108 2096 1302 2157 subito
1324 2096 1722 2158 misericordia
1739 2096 1875 2159 odio
1896 2116 2128 2157 succes·

295 2207 469 2267 serat,
497 2208 562 2254 ut
587 2215 724 2254 eum
759 2217 866 2255 suo
913 2195 1221 2274 sanguine,
1270 2195 1322 2255 si
1370 2208 1624 2273 possent,
1670 2195 1746 2254 ab
1787 2195 2127 2256 Acheronte

295 2304 579 2367 cuperent
605 2292 910 2351 redimere.
992 2291 1199 2369 Itaque
1229 2292 1289 2351 in
1338 2292 1504 2366 urbe,
1548 2291 1929 2351 celeberrimo
1974 2289 2125 2364 loco,

296 2385 486 2444 elatus
512 2386 769 2464 publice,
798 2387 1052 2465 sepulcri
1079 2398 1459 2447 monumento
1485 2386 1735 2446 donatus
1760 2397 1867 2445 est.
1953 2385 2126 2444 Diem
2162 2385 2247 2446 2⁰

296 2481 442 2540 obiit
462 2482 694 2543 circiter
712 2502 896 2543 annos
911 2483 1335 2560 quinquaginta
1353 2482 1609 2558 quinque
1630 2494 1831 2551 natum
1860 2493 2130 2556 quartum

296 2574 430 2654 post
457 2597 694 2653 annum,
721 2578 898 2656 quam
922 2598 999 2637 ex
1025 2578 1429 2655 Peloponneso
1457 2576 1517 2635 in
1568 2575 1833 2635 Siciliam
1860 2575 2129 2634 redierat.

752 3032 870 3092 XI.
955 3028 1693 3089 IPHICRA'I'ES.

382 3245 432 3303 1.
514 3245 841 3322 Iphicrates
868 3240 1240 3299 Atheniensis
1273 3257 1393 3298 non
1440 3249 1560 3297 tam
1602 3234 2008 3312 magnitudine
2049 3253 2139 3292 re·

303 3361 434 3403 rum
459 3353 774 3419 gestarum,
800 3335 976 3415 quam
1020 3335 1330 3413 disciplina
1374 3332 1608 3392 militari
1651 3331 1988 3391 nobilitatus
2029 3341 2135 3389 est.

304 3438 447 3497 Fuit
471 3437 630 3496 enim
652 3435 786 3496 talis
813 3434 954 3508 dux,
982 3445 1049 3492 ut
1074 3452 1193 3491 non
1221 3429 1410 3490 solum
1454 3427 1641 3488 aetatis
1688 3446 1808 3485 suae
1851 3446 1988 3487 cum
2023 3426 2136 3504 pri-
2175 3428 2257 3486 25

305 3534 420 3593 mis
471 3542 925 3611 compararetur,
973 3529 1078 3589 sed
1123 3547 1199 3586 ne
1242 3527 1318 3585 de
1365 3524 1680 3601 majoribus
1722 3535 1867 3583 natu
1901 3523 2138 3599 quidem

304 3629 611 3708 quisquam
665 3636 1130 3705 anteponeretur.
1234 3619 1492 3682 Multum
1539 3619 1675 3679 vero
1730 3619 1791 3678 in
1846 3619 1999 3677 bello
2050 3630 2141 3677 est
