2619 4349
376 413 456 471 76
1209 425 1637 476 AGESILAUS.

491 583 666 642 etiam
710 584 861 659 apud
906 584 1178 642 barbaros
1221 585 1450 642 summa
1479 585 1760 662 religione
1798 584 1997 643 omnia
2024 583 2336 645 simulacra

490 698 730 754 arasque
787 679 1163 737 conservavit.
1301 680 1506 757 Itaque
1560 680 1936 756 praedicabat,
1991 681 2201 737 mirari
2254 700 2332 751 se,

489 789 601 831 non
630 775 1039 849 sacrilegorum
1079 794 1305 842 numero
1348 776 1567 849 haberi,
1598 777 1699 852 qui
1739 776 2094 853 supplicibus
2144 795 2331 833 eorum

488 870 849 935 nocuissent,·
893 878 995 927 aut
1031 890 1142 927 non
1171 871 1548 945 gravioribus
1569 872 1760 948 poenis
1804 871 1975 948 affici,
2005 871 2107 948 qui
2135 870 2331 946 religi-

411 966 455 1022 5
492 985 648 1023 onem
677 966 1011 1039 minuerent,
1041 963 1210 1042 quam
1240 965 1520 1042 quifana
1548 967 1878 1043 spoliarent.

569 1062 643 1119 V.
728 1060 867 1118 Post
914 1061 1025 1118 hoc
1080 1061 1371 1136 proelium,
1414 1062 1688 1119 collatum
1749 1073 1837 1119 est
1896 1081 2070 1119 omne
2112 1062 2328 1119 bellum

490 1155 649 1214 circa
689 1156 1064 1229 Corinthum,
1108 1157 1352 1233 ideoque
1399 1156 1761 1215 Corinthium
1816 1168 1905 1214 est
1960 1157 2327 1233 appellatum.

491 1248 610 1308 Hic
651 1271 828 1326 quum
871 1252 989 1308 unii
1030 1252 1229 1327 pugna
1271 1253 1477 1309 decem
1519 1251 1702 1309 millia
1745 1252 2018 1324 hostium,
2050 1251 2330 1328 Agesilao

489 1346 660 1419 duce,
691 1346 1061 1419 cecidissent,
1091 1366 1273 1422 eoque
1304 1348 1460 1406 facto
1487 1367 1626 1424 opes
1658 1347 2115 1406 adversariorum
2149 1347 2330 1405 debil-

377 1443 449 1499 10
492 1441 646 1500 itatae
694 1441 1062 1512 viderentur3
1106 1440 1331 1500 tantum
1385 1442 1568 1500 abfuit
1618 1443 1691 1500 ab
1742 1443 2053 1501 insolentia
2105 1442 2325 1518 gloriae,

489 1549 553 1595 ut
594 1536 1029 1594 commiseratus
1070 1537 1144 1595 sit
1172 1539 1460 1596 fortunam
1489 1538 1733 1595 Graeciae
1761 1558 1774 1608 ;
1819 1535 1979 1614 quod
2011 1547 2131 1594 tam
2160 1538 2327 1595 multi

489 1651 527 1688 a
555 1651 610 1689 se
638 1631 781 1688 victi
808 1631 949 1689 vitio
980 1632 1441 1690 adversariorum
1470 1633 1848 1690 concidissent
1870 1653 1892 1688 .·
1934 1653 2172 1709 namque
2218 1631 2326 1697 illd

489 1727 870 1800 multitudine,
900 1728 953 1784 si
980 1747 1128 1784 sana
1153 1748 1303 1785 mens
1333 1737 1493 1801 esset,
1524 1728 1770 1785 Groecioe
1813 1729 2154 1804 supplicium
2176 1727 2327 1785 Per·
2352 1766 2356 1771 -

488 1841 584 1878 sas
613 1823 751 1880 dare
772 1824 1048 1900 potuisse.
1133 1823 1299 1881 Idem
1329 1843 1505 1899 quum
1537 1823 1895 1881 adversarios
1923 1823 2078 1881 intra
2108 1823 2325 1881 moenia

376 1918 448 1974 15
491 1918 880 1994 compulisset,
923 1929 982 1975 et
1022 1928 1086 1976 ut
1128 1918 1474 1977 Corinthum
1516 1929 1879 1996 oppugnaret
1919 1919 2086 1977 multi
2135 1920 2326 1977 horta-

487 2025 686 2072 rentur
709 2033 723 2083 ;
767 2013 1002 2091 negavit
1029 2013 1097 2071 id
1133 2034 1247 2071 suoe
1288 2015 1500 2071 virtuti
1541 2014 1877 2072 convenire:
1920 2033 1977 2071 se
2018 2015 2163 2071 enim
2204 2033 2325 2071 eum

489 2130 604 2168 esse
632 2110 797 2184 dixit,
829 2111 930 2188 qui
970 2110 1054 2167 ad
1090 2110 1330 2188 officium
1358 2119 1667 2190 peccantes
1708 2109 1897 2168 redire
1939 2118 2183 2186 cogeret,
2212 2129 2325 2167 non

488 2208 589 2284 qui
641 2207 806 2265 urbes
859 2207 1241 2265 nobilissimas
1290 2215 1645 2283 expugnaret
1692 2206 1957 2264 Grcecioe.
2041 2206 2200 2264 Nam
2249 2206 2321 2279 si,

489 2302 694 2377 inquit,
724 2322 812 2360 eos
842 2303 1168 2378 extinguere
1196 2303 1554 2376 voluerimus,
1585 2302 1687 2378 qui
1720 2301 2006 2359 nobiscum
2046 2297 2322 2358 adversus

367 2399 448 2457 20
489 2398 763 2456 barbaros
801 2408 1097 2473 steterunt,
1126 2399 1456 2476 nosmetipsi
1497 2418 1597 2456 nos
1640 2398 2171 2475 expugnaverimus,
2202 2397 2321 2454 illis

487 2495 938 2572 quiescentibus.-
980 2513 1088 2572 quo
1109 2493 1312 2571 facto,
1352 2495 1472 2553 sine
1512 2494 1761 2569 negotio,
1805 2513 1973 2570 quum
2014 2493 2319 2566 voluerint,

476 2610 588 2649 nos
616 2592 951 2668 oppriment.

561 2687 670 2744 VI.
755 2686 998 2744 Interim
1033 2685 1247 2744 accidit
1275 2685 1374 2743 illa
1402 2683 1702 2743 calamitas
1746 2684 1898 2761 apud
1928 2683 2182 2740 Leuctra
2208 2683 2319 2740 La·

487 2780 877 2839 cedaemoniis.
960 2778 1101 2842 Quo
1131 2800 1206 2838 ne
1233 2780 1717 2856 proficisceretur,
1748 2798 1925 2855 quum
1955 2798 1990 2836 a
2027 2778 2319 2855 plerisque
2362 2831 2390 2844 ,

368 2877 448 2934 25
489 2876 561 2933 ad
595 2874 925 2932 exeundum
962 2886 1340 2951 premeretur,
1369 2886 1432 2933 ut
1462 2874 1509 2931 si
1538 2876 1610 2932 de
1640 2874 1797 2932 exitu
1827 2874 2131 2946 divinaret,
2161 2874 2319 2931 exire

487 2970 688 3029 noluit.
773 2969 960 3043 Idem,
978 2989 1154 3045 quum
1185 2970 1622 3046 Epaminondas
1642 2972 1907 3047 Spartam
1934 2981 2317 3046 oppugnaret,

486 3079 750 3143 essetque
805 3065 931 3124 sine
986 3065 1166 3123 muris
1219 3065 1515 3142 oppidum,
1566 3067 1741 3124 talem
1796 3085 1858 3123 se
1913 3065 2315 3141 imperatorem

485 3161 751 3239 praebuit,
801 3172 865 3220 ut
917 3182 987 3220 eo
1034 3173 1290 3238 tempore
1334 3161 1604 3219 omnibus
1660 3161 2007 3238 apparuerit,
2050 3160 2165 3237 nisi
2218 3148 2332 3218 ille’

490 3256 711 3330 fuisset,
757 3258 1021 3333 Spartam
1067 3258 1318 3314 suturam
1360 3277 1477 3314 non
1521 3255 1715 3314 fuisse.
1814 3256 1898 3313 In'
1928 3275 2040 3331 quo
2081 3255 2317 3330 quidem

373 3354 454 3411 30
495 3351 830 3409 discrimine
873 3351 1138 3409 celeritas
1180 3352 1305 3427 ejus
1367 3351 1597 3410 consilii
1654 3350 1824 3409 saluti
1869 3350 1975 3409 fuit
2016 3348 2319 3408 universis.

488 3447 645 3506 Nam
689 3467 863 3523 quum
893 3447 1126 3523 quidam
1158 3447 1593 3520 adolescentuli,
1625 3447 1872 3505 hostium
1905 3447 2156 3503 adventu
2195 3466 2323 3521 per-

487 3543 691 3617 territi,
725 3544 794 3600 ad
825 3543 1144 3601 Thebanos
1172 3545 1534 3619 transfugere
1563 3543 1795 3615 vellent,
1825 3553 1882 3600 et
1924 3543 2114 3599 locum
2158 3552 2326 3600 extra

488 3640 691 3698 urbem
711 3640 930 3698 editum
955 3637 1264 3713 cepissent,
1291 3639 1625 3715 Agesilaus,
1646 3637 1744 3713 qui
1766 3637 2325 3713 perniciosissimum
