2619 4349
326 440 402 497 74
1151 447 1578 497 AGESILAUS.

446 608 670 665 summa
699 608 811 665 fide
839 606 1053 665 mansit
1079 606 1409 683 Agesilaiis.
1494 606 1716 664 Contra
1742 624 1813 663 ea
1841 605 2272 681 Tissaphernes

446 703 589 760 nihil
619 702 795 775 aliud,
825 700 998 777 quam
1028 703 1263 776 bellum,
1292 701 1661 778 comparavit.
1747 701 1815 758 Id
1846 701 1955 759 etsi
1983 701 2273 761 sentiebat

448 799 625 872 Laco,
664 809 858 855 tamen
897 796 1301 874 jusjurandum
1346 797 1630 870 servabat,
1653 795 2002 872 multamque
2032 797 2093 852 in
2117 816 2178 854 eo
2213 784 2288 854 δι’

449 894 712 969 consequi
764 892 1014 967 dicebat,
1073 890 1230 969 quod
1291 892 1703 968 Tissaphernes
1746 890 2007 969 perjurio
2062 911 2162 949 suo
2217 901 2274 950 ct

368 992 409 1048 5
449 989 692 1047 homines
721 990 839 1045 suis
861 988 1024 1045 rebus
1054 988 1431 1061 abalienaret,
1461 996 1516 1046 et
1542 989 1671 1046 deos
1700 988 1813 1044 sibi
1852 989 2035 1045 iratos
2077 988 2274 1046 redde-

450 1094 572 1149 ναῖς
615 1106 670 1142 se
700 1094 882 1142 autem
912 1083 1248 1143 conservata
1279 1084 1556 1160 religione
1585 1083 1919 1159 confirmare
1947 1086 2271 1158 exercitum,

448 1200 614 1257 quum
644 1180 1116 1237 animadverteret
1142 1180 1368 1237 deorum
1410 1199 1608 1236 namen
1630 1177 1841 1255 facere
1870 1200 2070 1254 secum,
2100 1180 2274 1236 homi-

450 1295 650 1351 nesque
679 1276 793 1332 sibi
835 1275 1135 1332 conciliari
1163 1275 1479 1348 amiciores,
1509 1271 1667 1351 quod
1690 1275 1779 1331 his
1808 1273 2031 1332 studere
2069 1294 2269 1331 eonsu-

450 1371 652 1444 tissent,
681 1390 819 1446 quos
850 1389 1180 1426 conservare
1202 1368 1386 1445 fidem
1414 1368 1685 1426 viderent.

336 1466 410 1522 lo
528 1464 642 1522 III.
727 1465 1035 1538 Postquam
1079 1463 1444 1523 induciarum
1485 1465 1758 1540 praeteriit
1799 1464 1943 1537 dies,
1982 1464 2273 1523 Barbarus

449 1582 565 1618 non
622 1561 912 1631 dubitan3‚
955 1559 1107 1635 quod
1152 1559 1331 1635 ipsius
1372 1572 1536 1618 erant
1588 1560 1835 1636 plurima
1876 1560 2167 1618 domicilia
2211 1561 2271 1618 in

449 1656 646 1729 Caria,
704 1669 761 1714 et
821 1675 890 1712 ea
946 1655 1105 1731 regio
1162 1655 1252 1713 his
1311 1656 1661 1732 temporibus
1717 1654 1899 1714 multo
1960 1656 2273 1731 putabatur

450 1751 919 1827 locupletissima,
950 1749 1020 1807 eo
1049 1749 1411 1827 potissimum
1442 1752 1634 1808 hostes
1676 1750 1952 1826 impetum
1996 1751 2271 1823 factur05,

447 1867 648 1904 omnes
703 1866 836 1903 suas
891 1846 1086 1922 copias
1127 1844 1198 1903 eo
1240 1857 1623 1904 contraxerat.
1732 1847 1815 1904 At
1855 1846 2168 1922 Agesilaiis
2210 1846 2270 1904 in

336 1945 408 2000 15
450 1941 758 2018 Phrygiam
807 1961 869 1999 se
912 1941 1212 2014 convertit,
1254 1959 1497 2016 eamque
1536 1938 1697 2016 prins
1745 1941 2121 2017 depopulatus
2162 1953 2273 2013 est,

449 2037 620 2113 quam
649 2036 1074 2114 Tissaphernes
1104 2056 1347 2112 usquam
1375 2057 1437 2094 se
1470 2048 1739 2094 moveret.
1825 2036 2046 2113 Magna
2075 2036 2271 2112 praedz‘i

448 2133 726 2191 militibus
779 2131 1160 2208 locupletatis,
1217 2131 1514 2209 Ephesum
1571 2131 1885 2190 hiematum
1952 2133 2270 2191 exercitum

451 2229 710 2298 reduxit3
756 2240 924 2303 atque
967 2228 1046 2285 ibi
1087 2228 1336 2287 officinis
1378 2248 1663 2286 armorum
1716 2230 2012 2302 institutiS,
2056 2230 2272 2305 magna

449 2323 732 2381 industria
786 2322 998 2381 bellum
1057 2324 1366 2400 apparavit.
1451 2324 1529 2382 Et
1579 2322 1693 2399 quo
1736 2323 2048 2382 studiosius
2091 2345 2274 2382 arma-

308 2420 410 2478 20
450 2430 646 2477 rentur
665 2416 1062 2496 insigniusque
1085 2430 1447 2492 ornarentur,
1469 2419 1706 2495 praemia
1733 2420 2045 2496 proposuit,
2065 2421 2274 2495 quibus

449 2515 820 2587 donarentur,
851 2533 1092 2589 quorum
1131 2513 1367 2590 egregia
1409 2513 1468 2570 in
1511 2514 1581 2571 ea
1620 2533 1683 2572 re
1727 2514 1929 2572 suisset
1971 2514 2271 2572 industria.

451 2609 619 2668 Fecit
647 2610 801 2667 idem
826 2609 884 2665 in
915 2600 1396 2667 exercitationum
1435 2610 1768 2686 generibus,
1798 2621 1881 2682 ut,
1920 2610 2017 2685 qui
2047 2610 2274 2667 caeteris

448 2703 866 2780 praestitissent,
889 2723 988 2760 eos
1013 2704 1236 2779 magnis
1262 2704 1517 2762 afficeret
1539 2704 1891 2761 muneribus,
1963 2704 2074 2761 His
2099 2705 2272 2781 igitur

448 2799 621 2856 rebus
674 2797 888 2870 effecit,
937 2808 1001 2854 ut
1053 2809 1112 2855 et
1164 2798 1593 2856 ornatissimum
1634 2812 1692 2857 et
1733 2800 2272 2858 exercitatissimum

330 2894 410 2951 25
451 2894 689 2951 haberet
727 2891 1063 2950 exercitum.
1173 2893 1333 2951 Huic
1388 2914 1563 2969 quum
1606 2907 1831 2971 tempus
1874 2908 2026 2954 esset
2066 2896 2275 2969 visum,

358 3068 365 3071 ἢ
450 2987 648 3065 copias
699 2990 1000 3047 extrahere
1055 3008 1128 3047 ex
1176 2988 1589 3062 hibernaculis,
1639 2990 1799 3063 vidit,
1843 2990 1912 3062 si,
1953 2988 2066 3065 quo
2122 3002 2276 3049 esset

407 3155 413 3162 .
450 3083 557 3142 iter
582 3085 858 3158 facturuS,
886 3082 1075 3161 palam
1104 3084 1552 3160 pronuntiasset,
1573 3086 1765 3142 hostes
1794 3104 1908 3141 non
1934 3084 2275 3157 crediturOS,

453 3180 705 3255 aliasque
734 3180 1000 3256 regiones
1026 3179 1307 3255 praesidiis
1337 3191 1740 3256 occupaturos,
1765 3200 1874 3237 nec
1893 3180 2275 3251 dubitatur-OS,

454 3274 609 3333 aliud
650 3294 777 3333 esse
821 3276 1126 3349 facturum,
1171 3295 1239 3332 ac
1279 3275 1728 3351 pronuntiasset.
1853 3274 2056 3349 Itaque
2098 3294 2274 3349 quum

335 3372 414 3429 30
454 3369 549 3428 ille
607 3371 820 3428 Sardes
873 3370 1086 3429 iturum
1141 3391 1203 3429 se
1258 3371 1516 3443 dixisset,
1560 3371 1988 3445 Tissaphernes
2028 3372 2274 3427 eandem

458 3466 690 3524 Cariam
722 3466 1147 3524 defendendam
1176 3466 1412 3543 putavit.
1496 3465 1568 3523 In
1591 3485 1703 3540 quo
1724 3485 1900 3540 quum
1923 3485 2057 3523 eum
2078 3465 2277 3541 opinio

456 3562 770 3634 fefellisset,
827 3560 1154 3637 victumque
1210 3582 1271 3620 se
1328 3560 1563 3619 vidisset
1616 3560 1901 3630 consili03
1972 3558 2100 3618 sero
2157 3560 2280 3617 suis

454 3656 722 3736 praesidio
759 3657 1052 3733 profectus
1092 3669 1195 3715 est.
1292 3656 1447 3714 Nam
1488 3675 1664 3732 quum
1707 3654 1804 3713 illo
1848 3653 2119 3728 venisset,
2156 3656 2278 3731 jam
