<?xml version="1.0" encoding="UTF-8"?>
<!DOCTYPE html PUBLIC "-//W3C//DTD XHTML 1.0 Transitional//EN"
    "http://www.w3.org/TR/xhtml1/DTD/xhtml1-transitional.dtd">
<html xmlns="http://www.w3.org/1999/xhtml" xml:lang="en" lang="en">
 <head>
  <title>
</title>
<meta http-equiv="Content-Type" content="text/html;charset=utf-8" />
  <meta name='ocr-system' content='tesseract 3.04.00' />
  <meta name='ocr-capabilities' content='ocr_page ocr_carea ocr_par ocr_line ocrx_word'/>
</head>
<body>
  <div class='ocr_page' id='page_1' title='image "./devitaexcellent02bremgoog_0131.png"; bbox 0 0 2619 4349; ppageno 0'>
   <div class='ocr_carea' id='block_1_1' title="bbox 800 396 2256 454">
    <p class='ocr_par' dir='ltr' id='par_1_1' title="bbox 800 396 2256 454">
     <span class='ocr_line' id='line_1_1' title="bbox 800 396 2256 454; baseline 0.005 -8"><span class='ocrx_word' id='word_1_1' title='bbox 800 396 862 446; x_wconf 86' lang='grc' dir='ltr'><strong>Τ.</strong></span> <span class='ocrx_word' id='word_1_2' title='bbox 897 397 1307 450; x_wconf 86' lang='lat' dir='ltr'>POMPONIUS</span> <span class='ocrx_word' id='word_1_3' title='bbox 1341 400 1664 452; x_wconf 82' lang='lat' dir='ltr'><strong>A&#39;rTlcUs.</strong></span> <span class='ocrx_word' id='word_1_4' title='bbox 2146 396 2256 454; x_wconf 76' lang='lat'><strong>121</strong></span> 
     </span>
    </p>
   </div>
   <div class='ocr_carea' id='block_1_2' title="bbox 305 552 2260 3747">
    <p class='ocr_par' dir='ltr' id='par_1_2' title="bbox 310 552 2218 1087">
     <span class='ocr_line' id='line_1_2' title="bbox 314 552 2142 635; baseline 0.005 -24"><span class='ocrx_word' id='word_1_5' title='bbox 314 552 552 627; x_wconf 90' lang='lat' dir='ltr'><strong>ducum,</strong></span> <span class='ocrx_word' id='word_1_6' title='bbox 579 555 996 616; x_wconf 81' lang='lat' dir='ltr'>mutationibus</span> <span class='ocrx_word' id='word_1_7' title='bbox 1023 557 1357 634; x_wconf 85' lang='lat' dir='ltr'><strong>reipublicae</strong></span> <span class='ocrx_word' id='word_1_8' title='bbox 1384 559 1704 635; x_wconf 84' lang='lat' dir='ltr'><strong>perscripta</strong></span> <span class='ocrx_word' id='word_1_9' title='bbox 1731 571 1886 634; x_wconf 90' lang='lat' dir='ltr'><strong>sunt,</strong></span> <span class='ocrx_word' id='word_1_10' title='bbox 1916 572 1979 620; x_wconf 90' lang='lat' dir='ltr'><strong>ut</strong></span> <span class='ocrx_word' id='word_1_11' title='bbox 1997 560 2142 620; x_wconf 89' lang='lat' dir='ltr'>nihil</span> 
     </span>
     <span class='ocr_line' id='line_1_3' title="bbox 314 648 2143 732; baseline 0.005 -27"><span class='ocrx_word' id='word_1_12' title='bbox 314 648 374 707; x_wconf 89' lang='lat' dir='ltr'><strong>in</strong></span> <span class='ocrx_word' id='word_1_13' title='bbox 429 650 501 709; x_wconf 91' lang='lat' dir='ltr'><strong>iis</strong></span> <span class='ocrx_word' id='word_1_14' title='bbox 554 671 671 709; x_wconf 90' lang='lat' dir='ltr'><strong>non</strong></span> <span class='ocrx_word' id='word_1_15' title='bbox 727 664 1018 727; x_wconf 81' lang='lat' dir='ltr'><strong>appareat,</strong></span> <span class='ocrx_word' id='word_1_16' title='bbox 1071 664 1132 711; x_wconf 88' lang='lat' dir='ltr'><strong>et</strong></span> <span class='ocrx_word' id='word_1_17' title='bbox 1180 652 1353 711; x_wconf 70' lang='lat' dir='ltr'><strong>facile</strong></span> <span class='ocrx_word' id='word_1_18' title='bbox 1408 653 1727 712; x_wconf 88' lang='lat' dir='ltr'><strong>existimari</strong></span> <span class='ocrx_word' id='word_1_19' title='bbox 1767 655 1967 731; x_wconf 84' lang='lat' dir='ltr'>possit,</span> <span class='ocrx_word' id='word_1_20' title='bbox 2009 675 2143 732; x_wconf 88' lang='lat' dir='ltr'><strong>pru-</strong></span> 
     </span>
     <span class='ocr_line' id='line_1_4' title="bbox 312 744 2140 820; baseline 0.004 -20"><span class='ocrx_word' id='word_1_21' title='bbox 312 744 571 802; x_wconf 85' lang='lat' dir='ltr'><strong>dentiam</strong></span> <span class='ocrx_word' id='word_1_22' title='bbox 623 747 1046 820; x_wconf 86' lang='lat' dir='ltr'><strong>quodammodo</strong></span> <span class='ocrx_word' id='word_1_23' title='bbox 1089 766 1218 806; x_wconf 89' lang='lat' dir='ltr'><strong>esse</strong></span> <span class='ocrx_word' id='word_1_24' title='bbox 1270 747 1704 807; x_wconf 87' lang='lat' dir='ltr'><strong>divinationem.</strong></span> <span class='ocrx_word' id='word_1_25' title='bbox 1789 749 1927 807; x_wconf 92' lang='lat' dir='ltr'><strong>Non</strong></span> <span class='ocrx_word' id='word_1_26' title='bbox 1981 750 2140 808; x_wconf 91' lang='lat' dir='ltr'><strong>enim</strong></span> 
     </span>
     <span class='ocr_line' id='line_1_5' title="bbox 312 838 2143 918; baseline 0.004 -22"><span class='ocrx_word' id='word_1_27' title='bbox 312 839 524 897; x_wconf 89' lang='lat' dir='ltr'><strong>Cicero</strong></span> <span class='ocrx_word' id='word_1_28' title='bbox 576 859 647 898; x_wconf 87' lang='lat' dir='ltr'><strong>ea</strong></span> <span class='ocrx_word' id='word_1_29' title='bbox 720 838 928 914; x_wconf 69' lang='lat' dir='ltr'><strong>solum,</strong></span> <span class='ocrx_word' id='word_1_30' title='bbox 982 859 1110 916; x_wconf 83' lang='lat' dir='ltr'><strong>quae</strong></span> <span class='ocrx_word' id='word_1_31' title='bbox 1184 842 1312 900; x_wconf 89' lang='lat' dir='ltr'><strong>vivo</strong></span> <span class='ocrx_word' id='word_1_32' title='bbox 1376 862 1438 899; x_wconf 88' lang='lat' dir='ltr'><strong>se</strong></span> <span class='ocrx_word' id='word_1_33' title='bbox 1513 843 1873 918; x_wconf 88' lang='lat' dir='ltr'><strong>acciderunt,</strong></span> <span class='ocrx_word' id='word_1_34' title='bbox 1950 846 2143 904; x_wconf 84' lang='lat' dir='ltr'><strong>futura</strong></span> 
     </span>
     <span class='ocr_line' id='line_1_6' title="bbox 310 934 2218 1013; baseline 0.004 -23"><span class='ocrx_word' id='word_1_35' title='bbox 310 934 607 1011; x_wconf 64' lang='lat' dir='ltr'><strong>praedixit:</strong></span> <span class='ocrx_word' id='word_1_36' title='bbox 651 936 752 993; x_wconf 88' lang='lat' dir='ltr'><strong>sed</strong></span> <span class='ocrx_word' id='word_1_37' title='bbox 808 935 1004 1009; x_wconf 89' lang='lat' dir='ltr'><strong>etiam,</strong></span> <span class='ocrx_word' id='word_1_38' title='bbox 1054 955 1181 1012; x_wconf 86' lang='lat' dir='ltr'><strong>quae</strong></span> <span class='ocrx_word' id='word_1_39' title='bbox 1236 955 1396 994; x_wconf 90' lang='lat' dir='ltr'><strong>nunc</strong></span> <span class='ocrx_word' id='word_1_40' title='bbox 1448 957 1558 996; x_wconf 92' lang='lat' dir='ltr'><strong>usu</strong></span> <span class='ocrx_word' id='word_1_41' title='bbox 1607 938 1866 1013; x_wconf 87' lang='lat' dir='ltr'><strong>veniunt,</strong></span> <span class='ocrx_word' id='word_1_42' title='bbox 1923 940 2141 999; x_wconf 78' lang='lat' dir='ltr'>cecinit</span> <span class='ocrx_word' id='word_1_43' title='bbox 2178 942 2218 997; x_wconf 91' lang='lat'>5</span> 
     </span>
     <span class='ocr_line' id='line_1_7' title="bbox 310 1040 578 1087; baseline 0 -1"><span class='ocrx_word' id='word_1_44' title='bbox 310 1040 374 1087; x_wconf 90' lang='lat' dir='ltr'><strong>ut</strong></span> <span class='ocrx_word' id='word_1_45' title='bbox 404 1041 578 1087; x_wconf 79' lang='lat' dir='ltr'><strong>vateS.</strong></span> 
     </span>
    </p>

    <p class='ocr_par' dir='ltr' id='par_1_3' title="bbox 306 1123 2256 2340">
     <span class='ocr_line' id='line_1_8' title="bbox 389 1123 2138 1204; baseline 0.005 -24"><span class='ocrx_word' id='word_1_46' title='bbox 389 1123 593 1181; x_wconf 88' lang='lat' dir='ltr'><strong>XVII.</strong></span> <span class='ocrx_word' id='word_1_47' title='bbox 676 1124 769 1182; x_wconf 89' lang='lat' dir='ltr'><strong>De</strong></span> <span class='ocrx_word' id='word_1_48' title='bbox 821 1124 1037 1201; x_wconf 86' lang='lat' dir='ltr'><strong>pietate</strong></span> <span class='ocrx_word' id='word_1_49' title='bbox 1092 1138 1285 1184; x_wconf 89' lang='lat' dir='ltr'><strong>autem</strong></span> <span class='ocrx_word' id='word_1_50' title='bbox 1341 1126 1526 1185; x_wconf 89' lang='lat' dir='ltr'><strong>Attici</strong></span> <span class='ocrx_word' id='word_1_51' title='bbox 1579 1127 1718 1203; x_wconf 91' lang='lat' dir='ltr'><strong>quid</strong></span> <span class='ocrx_word' id='word_1_52' title='bbox 1771 1128 1939 1204; x_wconf 89' lang='lat' dir='ltr'><strong>plura</strong></span> <span class='ocrx_word' id='word_1_53' title='bbox 1985 1149 2138 1188; x_wconf 89' lang='lat' dir='ltr'><strong>com-</strong></span> 
     </span>
     <span class='ocr_line' id='line_1_9' title="bbox 309 1219 2138 1297; baseline 0.003 -22"><span class='ocrx_word' id='word_1_54' title='bbox 309 1237 620 1276; x_wconf 89' lang='lat' dir='ltr'><strong>memorem</strong></span> <span class='ocrx_word' id='word_1_55' title='bbox 647 1221 670 1275; x_wconf 65' lang='grc' dir='ltr'><strong>’.Ρ</strong></span> <span class='ocrx_word' id='word_1_56' title='bbox 707 1238 889 1294; x_wconf 86' lang='lat' dir='ltr'><strong>quum</strong></span> <span class='ocrx_word' id='word_1_57' title='bbox 918 1221 1029 1278; x_wconf 88' lang='lat' dir='ltr'><strong>hoc</strong></span> <span class='ocrx_word' id='word_1_58' title='bbox 1059 1219 1247 1295; x_wconf 89' lang='lat' dir='ltr'><strong>ipsum</strong></span> <span class='ocrx_word' id='word_1_59' title='bbox 1275 1219 1410 1279; x_wconf 72' lang='lat' dir='ltr'><strong>vere</strong></span> <span class='ocrx_word' id='word_1_60' title='bbox 1460 1221 1805 1297; x_wconf 83' lang='lat' dir='ltr'><strong>gloriantem</strong></span> <span class='ocrx_word' id='word_1_61' title='bbox 1855 1222 2138 1282; x_wconf 77' lang='lat' dir='ltr'><strong>audierim</strong></span> 
     </span>
     <span class='ocr_line' id='line_1_10' title="bbox 310 1311 2137 1394; baseline 0.005 -27"><span class='ocrx_word' id='word_1_62' title='bbox 310 1311 369 1369; x_wconf 92' lang='lat' dir='ltr'><strong>in</strong></span> <span class='ocrx_word' id='word_1_63' title='bbox 400 1311 603 1371; x_wconf 87' lang='lat' dir='ltr'><strong>funere</strong></span> <span class='ocrx_word' id='word_1_64' title='bbox 632 1314 830 1373; x_wconf 87' lang='lat' dir='ltr'><strong>matris</strong></span> <span class='ocrx_word' id='word_1_65' title='bbox 859 1333 997 1389; x_wconf 85' lang='lat' dir='ltr'><strong>suae,</strong></span> <span class='ocrx_word' id='word_1_66' title='bbox 1026 1333 1197 1391; x_wconf 90' lang='lat' dir='ltr'><strong>quam</strong></span> <span class='ocrx_word' id='word_1_67' title='bbox 1227 1316 1432 1373; x_wconf 90' lang='lat' dir='ltr'><strong>extulit</strong></span> <span class='ocrx_word' id='word_1_68' title='bbox 1474 1335 1756 1374; x_wconf 89' lang='lat' dir='ltr'><strong>annorum</strong></span> <span class='ocrx_word' id='word_1_69' title='bbox 1795 1317 2137 1394; x_wconf 85' lang='lat' dir='ltr'><strong>nonaginta,</strong></span> 
     </span>
     <span class='ocr_line' id='line_1_11' title="bbox 308 1409 2256 1487; baseline 0.004 -24"><span class='ocrx_word' id='word_1_70' title='bbox 308 1427 485 1481; x_wconf 89' lang='lat' dir='ltr'><strong>quum</strong></span> <span class='ocrx_word' id='word_1_71' title='bbox 514 1421 666 1469; x_wconf 91' lang='lat' dir='ltr'><strong>esset</strong></span> <span class='ocrx_word' id='word_1_72' title='bbox 694 1421 915 1486; x_wconf 85' lang='lat' dir='ltr'><strong>septem</strong></span> <span class='ocrx_word' id='word_1_73' title='bbox 944 1421 1003 1469; x_wconf 91' lang='lat' dir='ltr'><strong>et</strong></span> <span class='ocrx_word' id='word_1_74' title='bbox 1030 1409 1352 1486; x_wconf 84' lang='lat' dir='ltr'><strong>sexaginta,</strong></span> <span class='ocrx_word' id='word_1_75' title='bbox 1382 1430 1438 1467; x_wconf 84' lang='lat' dir='ltr'><strong>se</strong></span> <span class='ocrx_word' id='word_1_76' title='bbox 1466 1430 1753 1487; x_wconf 81' lang='lat' dir='ltr'><strong>nunquam</strong></span> <span class='ocrx_word' id='word_1_77' title='bbox 1795 1431 1917 1469; x_wconf 80' lang='lat' dir='ltr'><strong>cum</strong></span> <span class='ocrx_word' id='word_1_78' title='bbox 1957 1420 2138 1471; x_wconf 78' lang='lat' dir='ltr'><strong>matre</strong></span> <span class='ocrx_word' id='word_1_79' title='bbox 2183 1414 2256 1472; x_wconf 86' lang='lat'><strong>10</strong></span> 
     </span>
     <span class='ocr_line' id='line_1_12' title="bbox 306 1503 2139 1583; baseline 0.004 -25"><span class='ocrx_word' id='word_1_80' title='bbox 306 1503 370 1558; x_wconf 79' lang='lat' dir='ltr'><strong>in</strong></span> <span class='ocrx_word' id='word_1_81' title='bbox 418 1505 681 1578; x_wconf 84' lang='lat' dir='ltr'><strong>gratiam</strong></span> <span class='ocrx_word' id='word_1_82' title='bbox 734 1505 970 1579; x_wconf 74' lang='lat' dir='ltr'><strong>redisse,</strong></span> <span class='ocrx_word' id='word_1_83' title='bbox 1034 1525 1322 1581; x_wconf 79' lang='lat' dir='ltr'><strong>nunquam</strong></span> <span class='ocrx_word' id='word_1_84' title='bbox 1397 1526 1521 1563; x_wconf 80' lang='lat' dir='ltr'><strong>cum</strong></span> <span class='ocrx_word' id='word_1_85' title='bbox 1584 1526 1773 1565; x_wconf 81' lang='lat' dir='ltr'><strong>sorore</strong></span> <span class='ocrx_word' id='word_1_86' title='bbox 1824 1506 2022 1583; x_wconf 82' lang='lat' dir='ltr'><strong>fuisse</strong></span> <span class='ocrx_word' id='word_1_87' title='bbox 2075 1508 2139 1565; x_wconf 81' lang='lat' dir='ltr'><strong>in</strong></span> 
     </span>
     <span class='ocr_line' id='line_1_13' title="bbox 307 1599 2137 1676; baseline 0.004 -21"><span class='ocrx_word' id='word_1_88' title='bbox 307 1599 613 1673; x_wconf 78' lang='lat' dir='ltr'><strong>simultate,</strong></span> <span class='ocrx_word' id='word_1_89' title='bbox 668 1619 841 1676; x_wconf 90' lang='lat' dir='ltr'><strong>quam</strong></span> <span class='ocrx_word' id='word_1_90' title='bbox 888 1620 1064 1676; x_wconf 89' lang='lat' dir='ltr'><strong>prope</strong></span> <span class='ocrx_word' id='word_1_91' title='bbox 1136 1601 1413 1675; x_wconf 81' lang='lat' dir='ltr'><strong>aequalem</strong></span> <span class='ocrx_word' id='word_1_92' title='bbox 1472 1602 1736 1661; x_wconf 88' lang='lat' dir='ltr'><strong>habebat.</strong></span> <span class='ocrx_word' id='word_1_93' title='bbox 1817 1601 2000 1664; x_wconf 79' lang='lat' dir='ltr'><strong>Quod</strong></span> <span class='ocrx_word' id='word_1_94' title='bbox 2047 1615 2137 1662; x_wconf 87' lang='lat' dir='ltr'><strong>est</strong></span> 
     </span>
     <span class='ocr_line' id='line_1_14' title="bbox 308 1694 2135 1773; baseline 0.002 -22"><span class='ocrx_word' id='word_1_95' title='bbox 308 1694 558 1771; x_wconf 88' lang='lat' dir='ltr'><strong>signum,</strong></span> <span class='ocrx_word' id='word_1_96' title='bbox 617 1706 714 1753; x_wconf 90' lang='lat' dir='ltr'><strong>aut</strong></span> <span class='ocrx_word' id='word_1_97' title='bbox 767 1696 987 1753; x_wconf 89' lang='lat' dir='ltr'><strong>nullam</strong></span> <span class='ocrx_word' id='word_1_98' title='bbox 1041 1714 1293 1770; x_wconf 89' lang='lat' dir='ltr'><strong>unquam</strong></span> <span class='ocrx_word' id='word_1_99' title='bbox 1352 1695 1499 1754; x_wconf 90' lang='lat' dir='ltr'><strong>inter</strong></span> <span class='ocrx_word' id='word_1_100' title='bbox 1561 1717 1660 1755; x_wconf 91' lang='lat' dir='ltr'><strong>eos</strong></span> <span class='ocrx_word' id='word_1_101' title='bbox 1717 1697 2135 1773; x_wconf 88' lang='lat' dir='ltr'><strong>querimoniam</strong></span> 
     </span>
     <span class='ocr_line' id='line_1_15' title="bbox 309 1790 2134 1869; baseline 0.001 -22"><span class='ocrx_word' id='word_1_102' title='bbox 309 1791 725 1865; x_wconf 79' lang='lat' dir='ltr'><strong>intercessisse,</strong></span> <span class='ocrx_word' id='word_1_103' title='bbox 758 1802 857 1850; x_wconf 88' lang='lat' dir='ltr'><strong>aut</strong></span> <span class='ocrx_word' id='word_1_104' title='bbox 899 1792 1058 1849; x_wconf 91' lang='lat' dir='ltr'><strong>hunc</strong></span> <span class='ocrx_word' id='word_1_105' title='bbox 1102 1790 1173 1848; x_wconf 71' lang='lat' dir='ltr'><strong>ea</strong></span> <span class='ocrx_word' id='word_1_106' title='bbox 1224 1791 1401 1848; x_wconf 84' lang='lat' dir='ltr'><strong>fuisse</strong></span> <span class='ocrx_word' id='word_1_107' title='bbox 1455 1791 1514 1848; x_wconf 91' lang='lat' dir='ltr'><strong>in</strong></span> <span class='ocrx_word' id='word_1_108' title='bbox 1564 1812 1698 1849; x_wconf 90' lang='lat' dir='ltr'><strong>suos</strong></span> <span class='ocrx_word' id='word_1_109' title='bbox 1752 1792 2134 1869; x_wconf 69' lang='lat' dir='ltr'><strong>indulgentia,</strong></span> 
     </span>
     <span class='ocr_line' id='line_1_16' title="bbox 307 1885 2254 1961; baseline 0.002 -19"><span class='ocrx_word' id='word_1_110' title='bbox 307 1897 389 1958; x_wconf 89' lang='lat' dir='ltr'><strong>ut,</strong></span> <span class='ocrx_word' id='word_1_111' title='bbox 420 1905 561 1961; x_wconf 90' lang='lat' dir='ltr'><strong>quos</strong></span> <span class='ocrx_word' id='word_1_112' title='bbox 591 1904 784 1944; x_wconf 87' lang='lat' dir='ltr'><strong>amare</strong></span> <span class='ocrx_word' id='word_1_113' title='bbox 832 1886 1090 1956; x_wconf 89' lang='lat' dir='ltr'><strong>deberet,</strong></span> <span class='ocrx_word' id='word_1_114' title='bbox 1123 1885 1294 1943; x_wconf 80' lang='lat' dir='ltr'><strong>irasci</strong></span> <span class='ocrx_word' id='word_1_115' title='bbox 1345 1885 1430 1943; x_wconf 91' lang='lat' dir='ltr'><strong>eis</strong></span> <span class='ocrx_word' id='word_1_116' title='bbox 1460 1888 1624 1944; x_wconf 89' lang='lat' dir='ltr'><strong>nefas</strong></span> <span class='ocrx_word' id='word_1_117' title='bbox 1679 1887 1933 1945; x_wconf 86' lang='lat' dir='ltr'><strong>duceret.</strong></span> <span class='ocrx_word' id='word_1_118' title='bbox 2018 1887 2137 1945; x_wconf 90' lang='lat' dir='ltr'><strong>Ne·</strong></span> <span class='ocrx_word' id='word_1_119' title='bbox 2180 1889 2254 1946; x_wconf 87' lang='lat'><strong>15</strong></span> 
     </span>
     <span class='ocr_line' id='line_1_17' title="bbox 306 1979 2135 2058; baseline 0.001 -21"><span class='ocrx_word' id='word_1_120' title='bbox 306 2000 417 2055; x_wconf 93' lang='lat' dir='ltr'><strong>que</strong></span> <span class='ocrx_word' id='word_1_121' title='bbox 447 1981 504 2037; x_wconf 93' lang='lat' dir='ltr'><strong>id</strong></span> <span class='ocrx_word' id='word_1_122' title='bbox 531 1980 669 2040; x_wconf 89' lang='lat' dir='ltr'><strong>fecit</strong></span> <span class='ocrx_word' id='word_1_123' title='bbox 696 1981 904 2039; x_wconf 69' lang='lat' dir='ltr'><strong>natura</strong></span> <span class='ocrx_word' id='word_1_124' title='bbox 932 1979 1139 2052; x_wconf 72' lang='lat' dir='ltr'><strong>solum,</strong></span> <span class='ocrx_word' id='word_1_125' title='bbox 1168 2000 1497 2056; x_wconf 87' lang='lat' dir='ltr'><strong>quanquam</strong></span> <span class='ocrx_word' id='word_1_126' title='bbox 1520 2000 1722 2039; x_wconf 88' lang='lat' dir='ltr'><strong>omnes</strong></span> <span class='ocrx_word' id='word_1_127' title='bbox 1750 1981 1804 2038; x_wconf 93' lang='lat' dir='ltr'><strong>ei</strong></span> <span class='ocrx_word' id='word_1_128' title='bbox 1845 2001 2135 2058; x_wconf 90' lang='lat' dir='ltr'><strong>paremus,</strong></span> 
     </span>
     <span class='ocr_line' id='line_1_18' title="bbox 307 2074 2136 2153; baseline 0.001 -20"><span class='ocrx_word' id='word_1_129' title='bbox 307 2077 407 2133; x_wconf 90' lang='lat' dir='ltr'><strong>sed</strong></span> <span class='ocrx_word' id='word_1_130' title='bbox 438 2076 612 2134; x_wconf 90' lang='lat' dir='ltr'><strong>etiam</strong></span> <span class='ocrx_word' id='word_1_131' title='bbox 636 2076 918 2135; x_wconf 67' lang='lat' dir='ltr'><strong>doctrina.</strong></span> <span class='ocrx_word' id='word_1_132' title='bbox 1000 2074 1157 2133; x_wconf 89' lang='lat' dir='ltr'><strong>Nam</strong></span> <span class='ocrx_word' id='word_1_133' title='bbox 1186 2087 1244 2133; x_wconf 92' lang='lat' dir='ltr'><strong>et</strong></span> <span class='ocrx_word' id='word_1_134' title='bbox 1292 2076 1621 2151; x_wconf 82' lang='lat' dir='ltr'><strong>principum</strong></span> <span class='ocrx_word' id='word_1_135' title='bbox 1668 2077 2136 2153; x_wconf 88' lang='lat' dir='ltr'><strong>philosophorum</strong></span> 
     </span>
     <span class='ocr_line' id='line_1_19' title="bbox 308 2170 2135 2250; baseline 0.002 -22"><span class='ocrx_word' id='word_1_136' title='bbox 308 2170 388 2229; x_wconf 88' lang='lat' dir='ltr'><strong>ita</strong></span> <span class='ocrx_word' id='word_1_137' title='bbox 413 2184 685 2248; x_wconf 89' lang='lat' dir='ltr'><strong>percepta</strong></span> <span class='ocrx_word' id='word_1_138' title='bbox 711 2172 914 2231; x_wconf 89' lang='lat' dir='ltr'><strong>habuit</strong></span> <span class='ocrx_word' id='word_1_139' title='bbox 939 2184 1248 2249; x_wconf 82' lang='lat' dir='ltr'><strong>praecepta,</strong></span> <span class='ocrx_word' id='word_1_140' title='bbox 1278 2184 1343 2230; x_wconf 90' lang='lat' dir='ltr'><strong>ut</strong></span> <span class='ocrx_word' id='word_1_141' title='bbox 1371 2171 1442 2229; x_wconf 90' lang='lat' dir='ltr'><strong>iis</strong></span> <span class='ocrx_word' id='word_1_142' title='bbox 1487 2172 1559 2230; x_wconf 94' lang='lat' dir='ltr'><strong>ad</strong></span> <span class='ocrx_word' id='word_1_143' title='bbox 1602 2171 1778 2231; x_wconf 88' lang='lat' dir='ltr'><strong>vitam</strong></span> <span class='ocrx_word' id='word_1_144' title='bbox 1827 2173 2135 2250; x_wconf 86' lang='lat' dir='ltr'><strong>agendam,</strong></span> 
     </span>
     <span class='ocr_line' id='line_1_20' title="bbox 309 2268 1831 2340; baseline 0.001 -17"><span class='ocrx_word' id='word_1_145' title='bbox 309 2286 426 2324; x_wconf 90' lang='lat' dir='ltr'><strong>non</strong></span> <span class='ocrx_word' id='word_1_146' title='bbox 458 2268 529 2323; x_wconf 90' lang='lat' dir='ltr'><strong>ad</strong></span> <span class='ocrx_word' id='word_1_147' title='bbox 557 2268 1021 2340; x_wconf 87' lang='lat' dir='ltr'><strong>ostentationem,</strong></span> <span class='ocrx_word' id='word_1_148' title='bbox 1052 2279 1325 2325; x_wconf 85' lang='lat' dir='ltr'><strong>uteretur.</strong></span> <span class='ocrx_word' id='word_1_149' title='bbox 1824 2329 1831 2334; x_wconf 49' lang='grc'><strong><em>,</em></strong></span> 
     </span>
    </p>

    <p class='ocr_par' dir='ltr' id='par_1_4' title="bbox 305 2360 2260 3670">
     <span class='ocr_line' id='line_1_21' title="bbox 387 2360 2253 2437; baseline 0.002 -20"><span class='ocrx_word' id='word_1_150' title='bbox 387 2360 627 2418; x_wconf 88' lang='lat' dir='ltr'><strong>XVIII.</strong></span> <span class='ocrx_word' id='word_1_151' title='bbox 711 2360 896 2419; x_wconf 88' lang='lat' dir='ltr'><strong>Moris</strong></span> <span class='ocrx_word' id='word_1_152' title='bbox 924 2361 1100 2419; x_wconf 88' lang='lat' dir='ltr'><strong>etiam</strong></span> <span class='ocrx_word' id='word_1_153' title='bbox 1130 2362 1413 2437; x_wconf 87' lang='lat' dir='ltr'><strong>majorum</strong></span> <span class='ocrx_word' id='word_1_154' title='bbox 1443 2382 1702 2420; x_wconf 90' lang='lat' dir='ltr'><strong>summus</strong></span> <span class='ocrx_word' id='word_1_155' title='bbox 1725 2363 1977 2422; x_wconf 87' lang='lat' dir='ltr'><strong>imitator</strong></span> <span class='ocrx_word' id='word_1_156' title='bbox 2005 2363 2133 2437; x_wconf 87' lang='lat' dir='ltr'><strong>fuit,</strong></span> <span class='ocrx_word' id='word_1_157' title='bbox 2173 2363 2253 2421; x_wconf 70' lang='lat'><strong>20</strong></span> 
     </span>
     <span class='ocr_line' id='line_1_22' title="bbox 309 2454 2137 2533; baseline 0.002 -20"><span class='ocrx_word' id='word_1_158' title='bbox 309 2454 777 2532; x_wconf 84' lang='lat' dir='ltr'><strong>antiquitatisque</strong></span> <span class='ocrx_word' id='word_1_159' title='bbox 826 2468 1077 2514; x_wconf 88' lang='lat' dir='ltr'><strong>amator:</strong></span> <span class='ocrx_word' id='word_1_160' title='bbox 1140 2474 1315 2532; x_wconf 84' lang='lat' dir='ltr'><strong>quam</strong></span> <span class='ocrx_word' id='word_1_161' title='bbox 1372 2455 1518 2513; x_wconf 76' lang='lat' dir='ltr'><strong>adeo</strong></span> <span class='ocrx_word' id='word_1_162' title='bbox 1574 2457 1882 2533; x_wconf 89' lang='lat' dir='ltr'><strong>diligenter</strong></span> <span class='ocrx_word' id='word_1_163' title='bbox 1933 2458 2137 2516; x_wconf 92' lang='lat' dir='ltr'><strong>habuit</strong></span> 
     </span>
     <span class='ocr_line' id='line_1_23' title="bbox 306 2549 2134 2627; baseline 0 -18"><span class='ocrx_word' id='word_1_164' title='bbox 306 2550 621 2627; x_wconf 89' lang='lat' dir='ltr'><strong>cognitam,</strong></span> <span class='ocrx_word' id='word_1_165' title='bbox 652 2561 716 2609; x_wconf 91' lang='lat' dir='ltr'><strong>ut</strong></span> <span class='ocrx_word' id='word_1_166' title='bbox 742 2569 871 2607; x_wconf 90' lang='lat' dir='ltr'><strong>eam</strong></span> <span class='ocrx_word' id='word_1_167' title='bbox 900 2561 1077 2609; x_wconf 90' lang='lat' dir='ltr'><strong>totam</strong></span> <span class='ocrx_word' id='word_1_168' title='bbox 1107 2549 1165 2606; x_wconf 91' lang='lat' dir='ltr'><strong>in</strong></span> <span class='ocrx_word' id='word_1_169' title='bbox 1196 2569 1266 2608; x_wconf 90' lang='lat' dir='ltr'><strong>eo</strong></span> <span class='ocrx_word' id='word_1_170' title='bbox 1288 2550 1580 2608; x_wconf 87' lang='lat' dir='ltr'><strong>volumine</strong></span> <span class='ocrx_word' id='word_1_171' title='bbox 1624 2550 1972 2626; x_wconf 84' lang='lat' dir='ltr'><strong>exposuerit,</strong></span> <span class='ocrx_word' id='word_1_172' title='bbox 2021 2570 2134 2627; x_wconf 91' lang='lat' dir='ltr'><strong>quo</strong></span> 
     </span>
     <span class='ocr_line' id='line_1_24' title="bbox 305 2643 2135 2722; baseline 0.001 -20"><span class='ocrx_word' id='word_1_173' title='bbox 305 2645 674 2722; x_wconf 86' lang='lat' dir='ltr'><strong>magistratus</strong></span> <span class='ocrx_word' id='word_1_174' title='bbox 700 2644 940 2704; x_wconf 88' lang='lat' dir='ltr'><strong>ornavit.</strong></span> <span class='ocrx_word' id='word_1_175' title='bbox 1023 2643 1204 2703; x_wconf 89' lang='lat' dir='ltr'><strong>Nulla</strong></span> <span class='ocrx_word' id='word_1_176' title='bbox 1230 2645 1387 2702; x_wconf 92' lang='lat' dir='ltr'><strong>enim</strong></span> <span class='ocrx_word' id='word_1_177' title='bbox 1415 2645 1528 2718; x_wconf 89' lang='lat' dir='ltr'><strong>lex,</strong></span> <span class='ocrx_word' id='word_1_178' title='bbox 1558 2664 1744 2721; x_wconf 92' lang='lat' dir='ltr'><strong>neque</strong></span> <span class='ocrx_word' id='word_1_179' title='bbox 1787 2664 1920 2721; x_wconf 87' lang='lat' dir='ltr'><strong>pax,</strong></span> <span class='ocrx_word' id='word_1_180' title='bbox 1947 2664 2135 2721; x_wconf 89' lang='lat' dir='ltr'><strong>neque</strong></span> 
     </span>
     <span class='ocr_line' id='line_1_25' title="bbox 307 2739 2132 2817; baseline -0.002 -18"><span class='ocrx_word' id='word_1_181' title='bbox 307 2741 541 2815; x_wconf 89' lang='lat' dir='ltr'><strong>bellum,</strong></span> <span class='ocrx_word' id='word_1_182' title='bbox 572 2760 758 2817; x_wconf 90' lang='lat' dir='ltr'><strong>neque</strong></span> <span class='ocrx_word' id='word_1_183' title='bbox 787 2760 879 2799; x_wconf 89' lang='lat' dir='ltr'><strong>res</strong></span> <span class='ocrx_word' id='word_1_184' title='bbox 909 2740 1144 2799; x_wconf 89' lang='lat' dir='ltr'><strong>illustris</strong></span> <span class='ocrx_word' id='word_1_185' title='bbox 1165 2752 1253 2798; x_wconf 90' lang='lat' dir='ltr'><strong>est</strong></span> <span class='ocrx_word' id='word_1_186' title='bbox 1279 2739 1476 2817; x_wconf 91' lang='lat' dir='ltr'><strong>populi</strong></span> <span class='ocrx_word' id='word_1_187' title='bbox 1519 2739 1796 2813; x_wconf 87' lang='lat' dir='ltr'><strong>Romani,</strong></span> <span class='ocrx_word' id='word_1_188' title='bbox 1844 2758 1971 2816; x_wconf 83' lang='lat' dir='ltr'><strong>quae</strong></span> <span class='ocrx_word' id='word_1_189' title='bbox 2013 2758 2132 2798; x_wconf 90' lang='lat' dir='ltr'><strong>non</strong></span> 
     </span>
     <span class='ocr_line' id='line_1_26' title="bbox 306 2835 2251 2913; baseline 0.001 -20"><span class='ocrx_word' id='word_1_190' title='bbox 306 2837 366 2894; x_wconf 92' lang='lat' dir='ltr'><strong>in</strong></span> <span class='ocrx_word' id='word_1_191' title='bbox 423 2858 495 2897; x_wconf 90' lang='lat' dir='ltr'><strong>eo</strong></span> <span class='ocrx_word' id='word_1_192' title='bbox 547 2857 653 2897; x_wconf 92' lang='lat' dir='ltr'><strong>suo</strong></span> <span class='ocrx_word' id='word_1_193' title='bbox 703 2849 958 2913; x_wconf 88' lang='lat' dir='ltr'><strong>tempore</strong></span> <span class='ocrx_word' id='word_1_194' title='bbox 1007 2836 1082 2895; x_wconf 91' lang='lat' dir='ltr'><strong>sit</strong></span> <span class='ocrx_word' id='word_1_195' title='bbox 1124 2848 1356 2907; x_wconf 87' lang='lat' dir='ltr'><strong>notata;</strong></span> <span class='ocrx_word' id='word_1_196' title='bbox 1400 2848 1478 2910; x_wconf 92' lang='lat' dir='ltr'><strong>et,</strong></span> <span class='ocrx_word' id='word_1_197' title='bbox 1528 2837 1680 2912; x_wconf 91' lang='lat' dir='ltr'><strong>quod</strong></span> <span class='ocrx_word' id='word_1_198' title='bbox 1729 2835 2131 2893; x_wconf 88' lang='lat' dir='ltr'><strong>difficillimum</strong></span> <span class='ocrx_word' id='word_1_199' title='bbox 2170 2836 2251 2895; x_wconf 78' lang='lat'><strong>25</strong></span> 
     </span>
     <span class='ocr_line' id='line_1_27' title="bbox 306 2931 2134 3008; baseline -0.001 -17"><span class='ocrx_word' id='word_1_200' title='bbox 306 2932 434 3005; x_wconf 88' lang='lat' dir='ltr'><strong>suit,</strong></span> <span class='ocrx_word' id='word_1_201' title='bbox 463 2931 548 2989; x_wconf 90' lang='lat' dir='ltr'><strong>sic</strong></span> <span class='ocrx_word' id='word_1_202' title='bbox 577 2932 920 2990; x_wconf 85' lang='lat' dir='ltr'><strong>familiarum</strong></span> <span class='ocrx_word' id='word_1_203' title='bbox 942 2931 1226 3008; x_wconf 88' lang='lat' dir='ltr'><strong>originem</strong></span> <span class='ocrx_word' id='word_1_204' title='bbox 1254 2931 1566 3003; x_wconf 88' lang='lat' dir='ltr'><strong>subtexuit,</strong></span> <span class='ocrx_word' id='word_1_205' title='bbox 1616 2943 1681 2989; x_wconf 93' lang='lat' dir='ltr'><strong>ut</strong></span> <span class='ocrx_word' id='word_1_206' title='bbox 1722 2950 1794 2989; x_wconf 90' lang='lat' dir='ltr'><strong>ex</strong></span> <span class='ocrx_word' id='word_1_207' title='bbox 1838 2950 1908 2990; x_wconf 92' lang='lat' dir='ltr'><strong>eo</strong></span> <span class='ocrx_word' id='word_1_208' title='bbox 1955 2932 2134 3004; x_wconf 74' lang='lat' dir='ltr'><strong>claro-</strong></span> 
     </span>
     <span class='ocr_line' id='line_1_28' title="bbox 305 3024 2135 3102; baseline -0.001 -18"><span class='ocrx_word' id='word_1_209' title='bbox 305 3046 433 3084; x_wconf 90' lang='lat' dir='ltr'><strong>rum</strong></span> <span class='ocrx_word' id='word_1_210' title='bbox 488 3028 736 3083; x_wconf 87' lang='lat' dir='ltr'><strong>virorum</strong></span> <span class='ocrx_word' id='word_1_211' title='bbox 788 3024 1135 3102; x_wconf 87' lang='lat' dir='ltr'><strong>propagines</strong></span> <span class='ocrx_word' id='word_1_212' title='bbox 1181 3024 1468 3101; x_wconf 89' lang='lat' dir='ltr'><strong>possimus</strong></span> <span class='ocrx_word' id='word_1_213' title='bbox 1510 3044 1881 3100; x_wconf 79' lang='lat' dir='ltr'><strong>cognoscere.</strong></span> <span class='ocrx_word' id='word_1_214' title='bbox 1966 3024 2135 3083; x_wconf 89' lang='lat' dir='ltr'><strong>Fecit</strong></span> 
     </span>
     <span class='ocr_line' id='line_1_29' title="bbox 306 3116 2133 3196; baseline -0.002 -17"><span class='ocrx_word' id='word_1_215' title='bbox 306 3123 417 3179; x_wconf 93' lang='lat' dir='ltr'><strong>hoc</strong></span> <span class='ocrx_word' id='word_1_216' title='bbox 447 3121 600 3178; x_wconf 90' lang='lat' dir='ltr'><strong>idem</strong></span> <span class='ocrx_word' id='word_1_217' title='bbox 629 3119 932 3196; x_wconf 86' lang='lat' dir='ltr'><strong>separatim</strong></span> <span class='ocrx_word' id='word_1_218' title='bbox 962 3119 1023 3177; x_wconf 90' lang='lat' dir='ltr'><strong>in</strong></span> <span class='ocrx_word' id='word_1_219' title='bbox 1067 3119 1195 3177; x_wconf 88' lang='lat' dir='ltr'><strong>aliis</strong></span> <span class='ocrx_word' id='word_1_220' title='bbox 1241 3118 1442 3176; x_wconf 89' lang='lat' dir='ltr'><strong>libris:</strong></span> <span class='ocrx_word' id='word_1_221' title='bbox 1486 3129 1548 3176; x_wconf 88' lang='lat' dir='ltr'><strong>ut</strong></span> <span class='ocrx_word' id='word_1_222' title='bbox 1592 3117 1676 3175; x_wconf 93' lang='lat' dir='ltr'><strong>M.</strong></span> <span class='ocrx_word' id='word_1_223' title='bbox 1721 3116 1886 3175; x_wconf 89' lang='lat' dir='ltr'><strong>Bruti</strong></span> <span class='ocrx_word' id='word_1_224' title='bbox 1928 3129 2133 3193; x_wconf 88' lang='lat' dir='ltr'><strong>rogatu</strong></span> 
     </span>
     <span class='ocr_line' id='line_1_30' title="bbox 305 3213 2132 3291; baseline -0.002 -19"><span class='ocrx_word' id='word_1_225' title='bbox 305 3216 544 3274; x_wconf 87' lang='lat' dir='ltr'><strong>Juniam</strong></span> <span class='ocrx_word' id='word_1_226' title='bbox 579 3216 853 3273; x_wconf 90' lang='lat' dir='ltr'><strong>familiam</strong></span> <span class='ocrx_word' id='word_1_227' title='bbox 889 3232 924 3271; x_wconf 89' lang='lat' dir='ltr'><strong>a</strong></span> <span class='ocrx_word' id='word_1_228' title='bbox 951 3214 1127 3291; x_wconf 89' lang='lat' dir='ltr'><strong>stirpe</strong></span> <span class='ocrx_word' id='word_1_229' title='bbox 1165 3214 1239 3272; x_wconf 89' lang='lat' dir='ltr'><strong>ad</strong></span> <span class='ocrx_word' id='word_1_230' title='bbox 1283 3214 1438 3271; x_wconf 91' lang='lat' dir='ltr'><strong>hanc</strong></span> <span class='ocrx_word' id='word_1_231' title='bbox 1476 3224 1704 3271; x_wconf 86' lang='lat' dir='ltr'><strong>aetatem</strong></span> <span class='ocrx_word' id='word_1_232' title='bbox 1741 3213 1944 3272; x_wconf 89' lang='lat' dir='ltr'><strong>ordine</strong></span> <span class='ocrx_word' id='word_1_233' title='bbox 1992 3231 2132 3270; x_wconf 91' lang='lat' dir='ltr'><strong>enu-</strong></span> 
     </span>
     <span class='ocr_line' id='line_1_31' title="bbox 305 3307 2260 3385; baseline -0.001 -16"><span class='ocrx_word' id='word_1_234' title='bbox 305 3311 568 3384; x_wconf 85' lang='lat' dir='ltr'><strong>meravit,</strong></span> <span class='ocrx_word' id='word_1_235' title='bbox 622 3322 850 3382; x_wconf 78' lang='lat' dir='ltr'><strong>notanS,</strong></span> <span class='ocrx_word' id='word_1_236' title='bbox 878 3309 998 3385; x_wconf 90' lang='lat' dir='ltr'><strong>qui,</strong></span> <span class='ocrx_word' id='word_1_237' title='bbox 1040 3328 1074 3366; x_wconf 89' lang='lat' dir='ltr'><strong>a</strong></span> <span class='ocrx_word' id='word_1_238' title='bbox 1115 3328 1229 3384; x_wconf 91' lang='lat' dir='ltr'><strong>quo</strong></span> <span class='ocrx_word' id='word_1_239' title='bbox 1276 3320 1456 3381; x_wconf 88' lang='lat' dir='ltr'><strong>ortus,</strong></span> <span class='ocrx_word' id='word_1_240' title='bbox 1506 3327 1648 3383; x_wconf 92' lang='lat' dir='ltr'><strong>quos</strong></span> <span class='ocrx_word' id='word_1_241' title='bbox 1696 3309 1962 3382; x_wconf 89' lang='lat' dir='ltr'><strong>honores,</strong></span> <span class='ocrx_word' id='word_1_242' title='bbox 2010 3307 2133 3384; x_wconf 84' lang='lat' dir='ltr'><strong>qui-</strong></span> <span class='ocrx_word' id='word_1_243' title='bbox 2171 3308 2260 3367; x_wconf 69' lang='lat' dir='ltr'><strong>an</strong></span> 
     </span>
     <span class='ocr_line' id='line_1_32' title="bbox 307 3401 2133 3481; baseline -0.002 -18"><span class='ocrx_word' id='word_1_244' title='bbox 307 3408 531 3481; x_wconf 88' lang='lat' dir='ltr'><strong>busque</strong></span> <span class='ocrx_word' id='word_1_245' title='bbox 595 3404 967 3481; x_wconf 88' lang='lat' dir='ltr'><strong>temporibus,</strong></span> <span class='ocrx_word' id='word_1_246' title='bbox 1043 3404 1309 3479; x_wconf 89' lang='lat' dir='ltr'><strong>cepisset.</strong></span> <span class='ocrx_word' id='word_1_247' title='bbox 1420 3402 1555 3459; x_wconf 90' lang='lat' dir='ltr'><strong>Pari</strong></span> <span class='ocrx_word' id='word_1_248' title='bbox 1619 3402 1790 3460; x_wconf 91' lang='lat' dir='ltr'><strong>modo</strong></span> <span class='ocrx_word' id='word_1_249' title='bbox 1865 3401 2133 3461; x_wconf 88' lang='lat' dir='ltr'><strong>Marcelli</strong></span> 
     </span>
     <span class='ocr_line' id='line_1_33' title="bbox 305 3496 2132 3575; baseline -0.003 -15"><span class='ocrx_word' id='word_1_250' title='bbox 305 3501 560 3574; x_wconf 88' lang='lat' dir='ltr'><strong>Claudii,</strong></span> <span class='ocrx_word' id='word_1_251' title='bbox 616 3500 1068 3569; x_wconf 84' lang='lat' dir='ltr'><strong>Marcellorum3</strong></span> <span class='ocrx_word' id='word_1_252' title='bbox 1141 3497 1435 3575; x_wconf 88' lang='lat' dir='ltr'><strong>Scipionis</strong></span> <span class='ocrx_word' id='word_1_253' title='bbox 1504 3496 1789 3572; x_wconf 78' lang='lat' dir='ltr'><strong>Cornelii,</strong></span> <span class='ocrx_word' id='word_1_254' title='bbox 1848 3510 1907 3557; x_wconf 91' lang='lat' dir='ltr'><strong>et</strong></span> <span class='ocrx_word' id='word_1_255' title='bbox 1960 3497 2132 3556; x_wconf 86' lang='lat' dir='ltr'><strong>Fabii</strong></span> 
     </span>
     <span class='ocr_line' id='line_1_34' title="bbox 307 3592 2131 3670; baseline -0.003 -14"><span class='ocrx_word' id='word_1_256' title='bbox 307 3596 572 3670; x_wconf 88' lang='lat' dir='ltr'><strong>Maximi,</strong></span> <span class='ocrx_word' id='word_1_257' title='bbox 627 3594 961 3666; x_wconf 88' lang='lat' dir='ltr'><strong>Fabiorum,</strong></span> <span class='ocrx_word' id='word_1_258' title='bbox 1016 3606 1074 3652; x_wconf 92' lang='lat' dir='ltr'><strong>et</strong></span> <span class='ocrx_word' id='word_1_259' title='bbox 1143 3592 1511 3651; x_wconf 86' lang='lat' dir='ltr'><strong>AEmiliorum</strong></span> <span class='ocrx_word' id='word_1_260' title='bbox 1584 3612 1853 3669; x_wconf 90' lang='lat' dir='ltr'><strong>quoque:</strong></span> <span class='ocrx_word' id='word_1_261' title='bbox 1921 3592 2131 3668; x_wconf 70' lang='lat' dir='ltr'><strong>quibus</strong></span> 
     </span>
    </p>

    <p class='ocr_par' dir='ltr' id='par_1_5' title="bbox 704 3691 765 3747">
     <span class='ocr_line' id='line_1_35' title="bbox 704 3691 765 3747; baseline -0.033 0"><span class='ocrx_word' id='word_1_262' title='bbox 704 3691 765 3747; x_wconf 90' lang='lat' dir='ltr'><strong>ll</strong></span> 
     </span>
    </p>
   </div>
  </div>
 </body>
</html>
