2619 4349
354 373 434 445 ,82
1203 377 1561 427 nummus.

474 538 910 596 administravit.
1018 537 1135 594 Sed
1185 536 1367 594 exiles
1420 555 1513 593 res
1567 532 1748 592 animi
1816 533 2304 610 magnitudinem,
2345 530 2351 537 ⁴

472 636 582 694 etsi
610 654 728 692 non
779 633 1143 710 frangebant,
1195 645 1393 691 tamen
1441 630 1799 689 minuebant.
1884 629 2066 688 Hunc
2111 651 2307 707 perse-

470 750 654 805 quens
686 730 1037 804 Antigonus,
1066 747 1244 803 quum
1271 726 1433 785 omni
1461 745 1676 802 genere
1705 725 2002 802 copiarum
2047 727 2306 784 abunda·

471 836 579 896 ret,
623 822 776 900 saepe
827 823 886 880 in
938 823 1241 880 itineribus
1291 822 1641 891 vexabatur3
1686 840 1874 897 neque
1921 840 2176 897 unquam
2228 823 2304 879 ad

390 921 430 977 5
471 938 707 976 manum
757 919 1037 975 accedere
1085 917 1321 990 licebat,
1366 916 1477 973 nisi
1528 915 1619 973 his
1667 916 1830 989 lociS,
1875 916 2085 992 quibus
2127 917 2306 993 pauci

470 1025 704 1089 possent
734 1012 928 1071 multis
968 1011 1251 1070 resistere.
1298 1012 1456 1081 ,Sed
1501 1023 1758 1069 extremo
1802 1023 2079 1087 tempore,
2122 1031 2305 1087 quum

472 1107 715 1165 consilio
743 1107 872 1183 capi
902 1126 1018 1164 non
1047 1118 1258 1182 posset,
1289 1106 1660 1163 multitudine
1710 1106 2144 1165 circumventus
2192 1118 2301 1166 est.

473 1202 634 1258 Hinc
663 1214 878 1273 tamen,
910 1202 1103 1259 multis
1131 1201 1250 1259 suis
1279 1201 1525 1273 amissiS,
1555 1221 1617 1258 se
1645 1202 1957 1278 expedivit,
1986 1214 2044 1260 et
2088 1202 2148 1259 in
2177 1222 2305 1261 cas-

473 1298 670 1354 tellum
717 1295 1003 1371 Phrygiae,
1059 1297 1209 1370 quod
1248 1295 1425 1363 ,Nora
1477 1297 1812 1372 appellatur,
1863 1296 2143 1373 confugit.
2228 1297 2303 1355 In

360 1392 434 1449 10
473 1411 586 1465 quo
613 1410 789 1466 quum
840 1390 1383 1461 circumsederetur,
1422 1402 1481 1448 et
1528 1403 1840 1461 vereretur,
1886 1411 1962 1449 ne
2010 1412 2128 1451 uno
2171 1393 2304 1452 loco

473 1505 717 1542 manens
770 1504 946 1558 equos
1001 1484 1277 1542 militares
1330 1485 1616 1560 perderet,
1672 1484 1826 1560 quod
1884 1466 2131 1563 spatium
2181 1507 2302 1545 non

470 1593 624 1638 esset
671 1579 960 1655 agitandig
1025 1579 1298 1636 callidum
1346 1579 1627 1655 fuitffejus
1666 1578 1985 1654 inventum,
2031 1583 2305 1656 quemad·

474 1677 708 1745 modum
739 1688 897 1732 stans
921 1675 1244 1750 jumentum
1277 1674 1531 1731 calefieri
1554 1676 1927 1750 exercerique
1954 1689 2167 1752 posset,
2186 1676 2302 1752 quo

472 1768 748 1828 libentius
776 1782 834 1828 et
862 1770 995 1827 cibo
1025 1781 1299 1840 uteretur,
1331 1780 1389 1826 et
1418 1788 1452 1825 a
1479 1770 1734 1846 corporis
1761 1782 1919 1829 motu
1949 1790 2065 1829 non
2119 1791 2304 1830 remo-

361 1868 435 1924 15
475 1878 717 1923 veretur.
804 1864 1250 1940 substringebat
1278 1875 1454 1940 caput
1475 1865 1597 1923 loro
1646 1863 1837 1938 altius,
1866 1864 2039 1942 quam
2085 1878 2149 1924 ut
2192 1867 2306 1943 pri·

474 1961 669 2020 oribus
717 1961 962 2038 pedibus
1004 1957 1176 2036 plane
1220 1971 1433 2017 terram
1480 1972 1673 2035 posset
1723 1961 2045 2037 attingere3
2089 1961 2305 2021 deinde

471 2056 603 2134 post
629 2056 962 2114 verberibus
1004 2055 1248 2131 cogebat
1296 2055 1576 2127 exultare,
1632 2067 1691 2113 et
1744 2056 1936 2114 calces
1989 2056 2302 2116 remittere.

471 2152 599 2215 Qui
621 2164 809 2210 motus
837 2169 953 2209 non
983 2147 1177 2208 minus
1214 2150 1484 2209 sudorem
1533 2151 1885 2226 excutiebat,
1924 2150 2097 2228 quam
2147 2152 2195 2211 si
2242 2153 2304 2211 in

474 2247 660 2324 spatio
708 2247 1057 2304 decurreret.
1166 2246 1309 2307 Quo
1360 2247 1576 2303 factum
1631 2258 1740 2320 est,
1816 2249 1968 2322 quod
2033 2248 2306 2306 omnibus

354 2344 436 2403 20
475 2343 736 2400 mirabile
765 2353 852 2400 est
880 2342 1086 2414 visum,
1116 2351 1181 2399 ut
1222 2341 1490 2417 jumenta
1535 2339 1697 2416 aeque
1739 2342 1923 2400 nitida
1965 2362 2038 2400 ex
2066 2344 2306 2403 castello

475 2438 771 2510 educeret,
800 2457 973 2512 quum
1005 2436 1331 2512 complures
1359 2455 1588 2493 menses
1633 2435 1693 2493 in
1730 2437 2031 2496 obsidione
2080 2439 2302 2513 fuisset,

475 2551 545 2589 ac
574 2532 711 2589 siin
740 2531 1161 2603 campestribus
1188 2550 1259 2588 ea
1303 2531 1448 2588 locis
1495 2531 1807 2590 habuisset.
1891 2532 1963 2589 In
2008 2534 2121 2590 hac
2165 2554 2304 2591 con-

474 2627 755 2698 clusione,
784 2626 1257 2701 quotiescumque
1287 2626 1485 2698 voluit,
1511 2639 1845 2702 apparatum
1870 2640 1929 2686 et
1950 2628 2304 2687 munitiones

476 2721 759 2797 Antigoni
789 2719 930 2777 alias
954 2721 1235 2793 incendit,
1269 2719 1413 2779 alias
1442 2721 1689 2797 disjecit.
1774 2722 1998 2781 Tenuit
2029 2736 2220 2781 autem
2240 2744 2303 2782 se

354 2817 436 2875 25
476 2835 594 2874 uno
620 2817 768 2887 1000,
797 2814 1071 2889 quamdiu
1098 2816 1203 2873 fuit
1232 2815 1434 2874 hiems.
1521 2818 1635 2873 Sed
1667 2815 1821 2892 quod
1864 2831 2116 2877 castrum
2163 2821 2298 2876 sub·

474 2911 623 2969 sidia
651 2910 863 2968 habere
891 2929 1007 2967 non
1037 2921 1278 2986 poterat,
1302 2923 1361 2969 et
1378 2931 1474 2968 ver
1498 2912 2007 2988 appropinquabat,
2032 2914 2304 2974 simulata

475 3005 789 3076 deditione,
815 3005 954 3061 dum
983 3005 1055 3062 de
1082 3005 1513 3064 conditionibus
1541 3018 1768 3078 tractat,
1798 3009 2085 3084 praefectis
2135 3011 2305 3069 Anti-

468 3101 610 3179 goni
639 3100 944 3177 imposuit3
987 3120 1162 3175 seque
1193 3120 1262 3158 ac
1291 3121 1425 3159 suos
1451 3121 1653 3159 omnes
1682 3103 1931 3161 extraxit
1960 3103 2299 3163 incolumes

556 3196 664 3254 VI.
750 3196 847 3252 Ad
877 3196 1035 3252 hunc
1062 3194 1388 3272 Olympias,
1419 3208 1603 3255 mater
1643 3216 1771 3272 quae
1817 3198 2003 3255 fuerat
2047 3182 2302 3256 Alexan-

354 3294 436 3352 30
475 3291 585 3365 dri,
613 3309 790 3367 quum
817 3289 1035 3349 litteras
1063 3300 1123 3348 et
1144 3290 1378 3348 nuntios
1419 3291 1669 3350 misisset
1698 3291 1757 3348 in
1801 3292 2027 3364 Asiam,
2071 3294 2301 3352 consul-

475 3400 620 3459 tum,
649 3382 842 3443 utrum
891 3384 1198 3461 repetitum
1242 3384 1654 3444 Macedoniam
1696 3386 1920 3446 veniret
1969 3386 2134 3463 (nam
2176 3398 2299 3446 tum

476 3481 538 3540 in
565 3481 743 3557 Epiro
771 3479 1119 3558 habitabat),
1149 3492 1208 3538 et
1234 3499 1336 3537 eas
1363 3500 1456 3538 res
1492 3493 1825 3557 occuparet,
1870 3481 2007 3539 huic
2049 3482 2145 3539 ille
2190 3482 2305 3558 pri-

474 3574 637 3637 mum
665 3574 864 3648 suasit,
893 3594 969 3632 ne
991 3593 1053 3633 se
1080 3587 1356 3647 moveret,
1386 3586 1446 3634 et
1491 3587 1842 3651 expectaret,
1893 3577 2081 3651 quoad
2127 3577 2304 3636 Alex-
