<?xml version="1.0" encoding="UTF-8"?>
<!DOCTYPE html PUBLIC "-//W3C//DTD XHTML 1.0 Transitional//EN"
    "http://www.w3.org/TR/xhtml1/DTD/xhtml1-transitional.dtd">
<html xmlns="http://www.w3.org/1999/xhtml" xml:lang="en" lang="en">
 <head>
  <title>
</title>
<meta http-equiv="Content-Type" content="text/html;charset=utf-8" />
  <meta name='ocr-system' content='tesseract 3.04.00' />
  <meta name='ocr-capabilities' content='ocr_page ocr_carea ocr_par ocr_line ocrx_word'/>
</head>
<body>
  <div class='ocr_page' id='page_1' title='image "./devitaexcellent02bremgoog_0049.png"; bbox 0 0 2619 4349; ppageno 0'>
   <div class='ocr_carea' id='block_1_1' title="bbox 1093 439 2264 498">
    <p class='ocr_par' dir='ltr' id='par_1_1' title="bbox 1093 439 2264 498">
     <span class='ocr_line' id='line_1_1' title="bbox 1093 439 2264 498; baseline 0.004 -5"><span class='ocrx_word' id='word_1_1' title='bbox 1093 443 1358 493; x_wconf 77' lang='lat' dir='ltr'>CONON.</span> <span class='ocrx_word' id='word_1_2' title='bbox 2182 439 2264 498; x_wconf 72' lang='grc'>39</span> 
     </span>
    </p>
   </div>
   <div class='ocr_carea' id='block_1_2' title="bbox 299 599 2258 3720">
    <p class='ocr_par' dir='ltr' id='par_1_2' title="bbox 306 599 2221 1435">
     <span class='ocr_line' id='line_1_2' title="bbox 310 599 2141 680; baseline 0.003 -23"><span class='ocrx_word' id='word_1_3' title='bbox 310 611 463 657; x_wconf 79' lang='lat' dir='ltr'>rator</span> <span class='ocrx_word' id='word_1_4' title='bbox 487 618 501 667; x_wconf 90' lang='lat'>;</span> <span class='ocrx_word' id='word_1_5' title='bbox 546 618 607 656; x_wconf 90' lang='lat' dir='ltr'>re</span> <span class='ocrx_word' id='word_1_6' title='bbox 630 599 865 675; x_wconf 87' lang='lat' dir='ltr'>quidem</span> <span class='ocrx_word' id='word_1_7' title='bbox 888 602 1028 660; x_wconf 66' lang='lat' dir='ltr'>vera</span> <span class='ocrx_word' id='word_1_8' title='bbox 1056 603 1339 660; x_wconf 88' lang='lat' dir='ltr'>exercitui</span> <span class='ocrx_word' id='word_1_9' title='bbox 1382 603 1611 680; x_wconf 68' lang='lat' dir='ltr'>praefuit</span> <span class='ocrx_word' id='word_1_10' title='bbox 1638 604 1870 677; x_wconf 89' lang='lat' dir='ltr'>Conon,</span> <span class='ocrx_word' id='word_1_11' title='bbox 1900 604 2141 680; x_wconf 79' lang='lat' dir='ltr'>ejusque</span> 
     </span>
     <span class='ocr_line' id='line_1_3' title="bbox 307 695 2143 771; baseline 0.004 -20"><span class='ocrx_word' id='word_1_12' title='bbox 307 695 506 751; x_wconf 85' lang='lat' dir='ltr'>omnia</span> <span class='ocrx_word' id='word_1_13' title='bbox 524 695 759 754; x_wconf 86' lang='lat' dir='ltr'>arbitrio</span> <span class='ocrx_word' id='word_1_14' title='bbox 779 709 943 771; x_wconf 85' lang='lat' dir='ltr'>gesta</span> <span class='ocrx_word' id='word_1_15' title='bbox 966 710 1116 756; x_wconf 87' lang='lat' dir='ltr'>sunt.</span> <span class='ocrx_word' id='word_1_16' title='bbox 1202 698 1324 756; x_wconf 88' lang='lat' dir='ltr'>Hic</span> <span class='ocrx_word' id='word_1_17' title='bbox 1351 698 1597 757; x_wconf 72' lang='lat' dir='ltr'>multum</span> <span class='ocrx_word' id='word_1_18' title='bbox 1619 699 1830 757; x_wconf 87' lang='lat' dir='ltr'>ducem</span> <span class='ocrx_word' id='word_1_19' title='bbox 1853 719 2143 758; x_wconf 86' lang='lat' dir='ltr'>summurn</span> 
     </span>
     <span class='ocr_line' id='line_1_4' title="bbox 312 788 2138 869; baseline 0.004 -24"><span class='ocrx_word' id='word_1_20' title='bbox 312 788 652 863; x_wconf 69' lang='lat' dir='ltr'>Agesilaum</span> <span class='ocrx_word' id='word_1_21' title='bbox 708 789 1028 866; x_wconf 84' lang='lat' dir='ltr'><strong>impedivit,</strong></span> <span class='ocrx_word' id='word_1_22' title='bbox 1083 790 1355 868; x_wconf 60' lang='lat' dir='ltr'>saepeque</span> <span class='ocrx_word' id='word_1_23' title='bbox 1410 794 1539 869; x_wconf 84' lang='lat' dir='ltr'>ejus</span> <span class='ocrx_word' id='word_1_24' title='bbox 1592 794 1851 852; x_wconf 84' lang='lat' dir='ltr'>consiliis</span> <span class='ocrx_word' id='word_1_25' title='bbox 1896 794 2138 853; x_wconf 85' lang='lat' dir='ltr'>obstitit.</span> 
     </span>
     <span class='ocr_line' id='line_1_5' title="bbox 311 882 2141 964; baseline 0.004 -25"><span class='ocrx_word' id='word_1_26' title='bbox 311 882 518 958; x_wconf 85' lang='lat' dir='ltr'>Neque</span> <span class='ocrx_word' id='word_1_27' title='bbox 547 883 683 942; x_wconf 75' lang='lat' dir='ltr'>vero</span> <span class='ocrx_word' id='word_1_28' title='bbox 714 905 830 943; x_wconf 90' lang='lat' dir='ltr'>non</span> <span class='ocrx_word' id='word_1_29' title='bbox 861 887 970 944; x_wconf 86' lang='lat' dir='ltr'>fuit</span> <span class='ocrx_word' id='word_1_30' title='bbox 998 900 1281 963; x_wconf 89' lang='lat' dir='ltr'>apertum,</span> <span class='ocrx_word' id='word_1_31' title='bbox 1313 888 1363 945; x_wconf 90' lang='lat' dir='ltr'>si</span> <span class='ocrx_word' id='word_1_32' title='bbox 1391 888 1487 946; x_wconf 88' lang='lat' dir='ltr'>ille</span> <span class='ocrx_word' id='word_1_33' title='bbox 1517 908 1632 947; x_wconf 88' lang='lat' dir='ltr'>non</span> <span class='ocrx_word' id='word_1_34' title='bbox 1665 889 1888 961; x_wconf 85' lang='lat' dir='ltr'>fuisset,</span> <span class='ocrx_word' id='word_1_35' title='bbox 1935 889 2141 964; x_wconf 88' lang='lat' dir='ltr'>Agesi-</span> 
     </span>
     <span class='ocr_line' id='line_1_6' title="bbox 310 979 2221 1059; baseline 0.004 -24"><span class='ocrx_word' id='word_1_36' title='bbox 310 979 464 1036; x_wconf 82' lang='lat' dir='ltr'>laiim</span> <span class='ocrx_word' id='word_1_37' title='bbox 489 980 693 1037; x_wconf 84' lang='lat' dir='ltr'>Asiam</span> <span class='ocrx_word' id='word_1_38' title='bbox 719 980 920 1040; x_wconf 83' lang='lat' dir='ltr'><strong>Tauro</strong></span> <span class='ocrx_word' id='word_1_39' title='bbox 957 995 1129 1040; x_wconf 88' lang='lat' dir='ltr'>tenus</span> <span class='ocrx_word' id='word_1_40' title='bbox 1156 983 1316 1059; x_wconf 83' lang='lat' dir='ltr'>Regi</span> <span class='ocrx_word' id='word_1_41' title='bbox 1349 983 1542 1041; x_wconf 78' lang='lat' dir='ltr'>‘fuisse</span> <span class='ocrx_word' id='word_1_42' title='bbox 1580 996 1929 1055; x_wconf 86' lang='lat' dir='ltr'>erepturum.</span> <span class='ocrx_word' id='word_1_43' title='bbox 2012 984 2139 1046; x_wconf 76' lang='lat' dir='ltr'>Qui</span> <span class='ocrx_word' id='word_1_44' title='bbox 2179 984 2221 1043; x_wconf 83' lang='lat'>⁵</span> 
     </span>
     <span class='ocr_line' id='line_1_7' title="bbox 309 1078 2138 1153; baseline 0.003 -22"><span class='ocrx_word' id='word_1_45' title='bbox 309 1087 679 1150; x_wconf 81' lang='lat' dir='ltr'>posteaquam</span> <span class='ocrx_word' id='word_1_46' title='bbox 710 1078 945 1135; x_wconf 91' lang='lat' dir='ltr'>domum</span> <span class='ocrx_word' id='word_1_47' title='bbox 976 1098 1009 1134; x_wconf 91' lang='lat' dir='ltr'>a</span> <span class='ocrx_word' id='word_1_48' title='bbox 1037 1079 1158 1136; x_wconf 86' lang='lat' dir='ltr'>suis</span> <span class='ocrx_word' id='word_1_49' title='bbox 1200 1078 1427 1136; x_wconf 86' lang='lat' dir='ltr'>civibus</span> <span class='ocrx_word' id='word_1_50' title='bbox 1474 1090 1777 1136; x_wconf 85' lang='lat' dir='ltr'>revocatus</span> <span class='ocrx_word' id='word_1_51' title='bbox 1825 1090 1932 1150; x_wconf 93' lang='lat' dir='ltr'>est,</span> <span class='ocrx_word' id='word_1_52' title='bbox 1982 1078 2138 1153; x_wconf 77' lang='lat' dir='ltr'>quod</span> 
     </span>
     <span class='ocr_line' id='line_1_8' title="bbox 311 1169 2137 1243; baseline 0.003 -18"><span class='ocrx_word' id='word_1_53' title='bbox 311 1169 518 1228; x_wconf 87' lang='lat' dir='ltr'>Boeotii</span> <span class='ocrx_word' id='word_1_54' title='bbox 546 1184 604 1230; x_wconf 89' lang='lat' dir='ltr'>et</span> <span class='ocrx_word' id='word_1_55' title='bbox 632 1172 1027 1231; x_wconf 86' lang='lat' dir='ltr'>Athenienses</span> <span class='ocrx_word' id='word_1_56' title='bbox 1057 1172 1521 1230; x_wconf 78' lang='lat' dir='ltr'>Lacedaemoniis</span> <span class='ocrx_word' id='word_1_57' title='bbox 1544 1172 1757 1229; x_wconf 86' lang='lat' dir='ltr'>bellum</span> <span class='ocrx_word' id='word_1_58' title='bbox 1789 1173 2137 1243; x_wconf 81' lang='lat' dir='ltr'>indixerant,</span> 
     </span>
     <span class='ocr_line' id='line_1_9' title="bbox 309 1265 2136 1343; baseline 0.001 -21"><span class='ocrx_word' id='word_1_59' title='bbox 309 1265 516 1323; x_wconf 86' lang='lat' dir='ltr'>Conon</span> <span class='ocrx_word' id='word_1_60' title='bbox 546 1267 728 1325; x_wconf 89' lang='lat' dir='ltr'>nihilo</span> <span class='ocrx_word' id='word_1_61' title='bbox 764 1267 958 1325; x_wconf 71' lang='lat' dir='ltr'>secius</span> <span class='ocrx_word' id='word_1_62' title='bbox 1008 1267 1160 1343; x_wconf 89' lang='lat' dir='ltr'>apud</span> <span class='ocrx_word' id='word_1_63' title='bbox 1203 1268 1508 1343; x_wconf 84' lang='lat' dir='ltr'>praesectos</span> <span class='ocrx_word' id='word_1_64' title='bbox 1556 1267 1745 1343; x_wconf 87' lang='lat' dir='ltr'>Regis</span> <span class='ocrx_word' id='word_1_65' title='bbox 1783 1268 2136 1339; x_wconf 82' lang='lat' dir='ltr'>versabatur,</span> 
     </span>
     <span class='ocr_line' id='line_1_10' title="bbox 306 1361 1405 1435; baseline 0.003 -19"><span class='ocrx_word' id='word_1_66' title='bbox 306 1361 512 1435; x_wconf 65' lang='lat' dir='ltr'>‘hisque</span> <span class='ocrx_word' id='word_1_67' title='bbox 535 1363 804 1420; x_wconf 87' lang='lat' dir='ltr'>omnibus</span> <span class='ocrx_word' id='word_1_68' title='bbox 831 1362 1083 1420; x_wconf 89' lang='lat' dir='ltr'>maximo</span> <span class='ocrx_word' id='word_1_69' title='bbox 1110 1374 1230 1420; x_wconf 87' lang='lat' dir='ltr'>erat</span> <span class='ocrx_word' id='word_1_70' title='bbox 1258 1361 1405 1419; x_wconf 89' lang='lat' dir='ltr'>usui.</span> 
     </span>
    </p>

    <p class='ocr_par' dir='ltr' id='par_1_3' title="bbox 299 1454 2258 3435">
     <span class='ocr_line' id='line_1_11' title="bbox 388 1454 2256 1534; baseline 0.003 -23"><span class='ocrx_word' id='word_1_71' title='bbox 388 1454 504 1512; x_wconf 92' lang='lat' dir='ltr'><strong>III.</strong></span> <span class='ocrx_word' id='word_1_72' title='bbox 590 1456 900 1515; x_wconf 83' lang='lat' dir='ltr'>Defecerat</span> <span class='ocrx_word' id='word_1_73' title='bbox 927 1475 962 1513; x_wconf 88' lang='lat' dir='ltr'>a</span> <span class='ocrx_word' id='word_1_74' title='bbox 990 1457 1159 1534; x_wconf 87' lang='lat' dir='ltr'>Rege</span> <span class='ocrx_word' id='word_1_75' title='bbox 1189 1456 1638 1533; x_wconf 78' lang='lat' dir='ltr'>TissapherneS,</span> <span class='ocrx_word' id='word_1_76' title='bbox 1669 1476 1855 1532; x_wconf 89' lang='lat' dir='ltr'>neque</span> <span class='ocrx_word' id='word_1_77' title='bbox 1906 1456 1966 1513; x_wconf 92' lang='lat' dir='ltr'>id</span> <span class='ocrx_word' id='word_1_78' title='bbox 2014 1469 2134 1515; x_wconf 86' lang='lat' dir='ltr'>tam</span> <span class='ocrx_word' id='word_1_79' title='bbox 2181 1457 2256 1516; x_wconf 87' lang='lat'>10</span> 
     </span>
     <span class='ocr_line' id='line_1_12' title="bbox 312 1549 2136 1627; baseline 0.002 -21"><span class='ocrx_word' id='word_1_80' title='bbox 312 1550 639 1622; x_wconf 81' lang='lat' dir='ltr'>Artaxerxi,</span> <span class='ocrx_word' id='word_1_81' title='bbox 683 1549 856 1625; x_wconf 72' lang='lat' dir='ltr'>quam</span> <span class='ocrx_word' id='word_1_82' title='bbox 884 1552 1129 1623; x_wconf 74' lang='lat' dir='ltr'>caeteriS,</span> <span class='ocrx_word' id='word_1_83' title='bbox 1182 1564 1308 1609; x_wconf 89' lang='lat' dir='ltr'>erat</span> <span class='ocrx_word' id='word_1_84' title='bbox 1363 1564 1642 1627; x_wconf 85' lang='lat' dir='ltr'>apertum.</span> <span class='ocrx_word' id='word_1_85' title='bbox 1729 1551 1934 1609; x_wconf 87' lang='lat' dir='ltr'>Multis</span> <span class='ocrx_word' id='word_1_86' title='bbox 1976 1553 2136 1610; x_wconf 89' lang='lat' dir='ltr'>enim</span> 
     </span>
     <span class='ocr_line' id='line_1_13' title="bbox 308 1644 2137 1722; baseline 0.003 -22"><span class='ocrx_word' id='word_1_87' title='bbox 308 1644 648 1720; x_wconf 85' lang='lat' dir='ltr'>magnisque</span> <span class='ocrx_word' id='word_1_88' title='bbox 676 1645 896 1703; x_wconf 88' lang='lat' dir='ltr'>meritis</span> <span class='ocrx_word' id='word_1_89' title='bbox 924 1647 1077 1722; x_wconf 81' lang='lat' dir='ltr'>apud</span> <span class='ocrx_word' id='word_1_90' title='bbox 1106 1646 1361 1721; x_wconf 85' lang='lat' dir='ltr'>Regem,</span> <span class='ocrx_word' id='word_1_91' title='bbox 1389 1647 1564 1705; x_wconf 87' lang='lat' dir='ltr'>etiam</span> <span class='ocrx_word' id='word_1_92' title='bbox 1609 1667 1784 1722; x_wconf 88' lang='lat' dir='ltr'>quum</span> <span class='ocrx_word' id='word_1_93' title='bbox 1837 1647 1896 1704; x_wconf 87' lang='lat' dir='ltr'>in</span> <span class='ocrx_word' id='word_1_94' title='bbox 1944 1648 2137 1706; x_wconf 90' lang='lat' dir='ltr'>officio</span> 
     </span>
     <span class='ocr_line' id='line_1_14' title="bbox 310 1730 2136 1817; baseline 0.002 -19"><span class='ocrx_word' id='word_1_95' title='bbox 310 1759 426 1798; x_wconf 87' lang='lat' dir='ltr'>non</span> <span class='ocrx_word' id='word_1_96' title='bbox 480 1730 760 1812; x_wconf 83' lang='lat' dir='ltr'>maneret,</span> <span class='ocrx_word' id='word_1_97' title='bbox 815 1742 1060 1799; x_wconf 85' lang='lat' dir='ltr'>valebat.</span> <span class='ocrx_word' id='word_1_98' title='bbox 1146 1742 1355 1817; x_wconf 89' lang='lat' dir='ltr'>Neque</span> <span class='ocrx_word' id='word_1_99' title='bbox 1412 1743 1469 1798; x_wconf 92' lang='lat' dir='ltr'>id</span> <span class='ocrx_word' id='word_1_100' title='bbox 1519 1743 1870 1815; x_wconf 84' lang='lat' dir='ltr'>mirandum,</span> <span class='ocrx_word' id='word_1_101' title='bbox 1920 1744 1969 1800; x_wconf 92' lang='lat' dir='ltr'>si</span> <span class='ocrx_word' id='word_1_102' title='bbox 2017 1763 2136 1802; x_wconf 87' lang='lat' dir='ltr'>non</span> 
     </span>
     <span class='ocr_line' id='line_1_15' title="bbox 310 1835 2137 1914; baseline 0.002 -20"><span class='ocrx_word' id='word_1_103' title='bbox 310 1835 479 1894; x_wconf 66' lang='lat' dir='ltr'>facile</span> <span class='ocrx_word' id='word_1_104' title='bbox 511 1837 582 1893; x_wconf 88' lang='lat' dir='ltr'>ad</span> <span class='ocrx_word' id='word_1_105' title='bbox 613 1837 966 1894; x_wconf 86' lang='lat' dir='ltr'>credendum</span> <span class='ocrx_word' id='word_1_106' title='bbox 999 1838 1416 1910; x_wconf 86' lang='lat' dir='ltr'>adducebatur,</span> <span class='ocrx_word' id='word_1_107' title='bbox 1460 1838 1864 1911; x_wconf 86' lang='lat' dir='ltr'>reminiscens,</span> <span class='ocrx_word' id='word_1_108' title='bbox 1903 1839 2030 1914; x_wconf 90' lang='lat' dir='ltr'>ejus</span> <span class='ocrx_word' id='word_1_109' title='bbox 2073 1858 2137 1897; x_wconf 86' lang='lat' dir='ltr'>se</span> 
     </span>
     <span class='ocr_line' id='line_1_16' title="bbox 307 1933 2256 2009; baseline 0.001 -18"><span class='ocrx_word' id='word_1_110' title='bbox 307 1933 485 2008; x_wconf 65' lang='lat' dir='ltr'>opera</span> <span class='ocrx_word' id='word_1_111' title='bbox 540 1933 759 2008; x_wconf 88' lang='lat' dir='ltr'>Cyrum</span> <span class='ocrx_word' id='word_1_112' title='bbox 825 1934 1060 1992; x_wconf 87' lang='lat' dir='ltr'>fratrem</span> <span class='ocrx_word' id='word_1_113' title='bbox 1131 1934 1453 2009; x_wconf 68' lang='lat' dir='ltr'>superasse.</span> <span class='ocrx_word' id='word_1_114' title='bbox 1566 1934 1762 2009; x_wconf 84' lang='lat' dir='ltr'>Hujus</span> <span class='ocrx_word' id='word_1_115' title='bbox 1818 1934 2137 1993; x_wconf 81' lang='lat' dir='ltr'>accusandi</span> <span class='ocrx_word' id='word_1_116' title='bbox 2181 1935 2256 1993; x_wconf 83' lang='lat'>15</span> 
     </span>
     <span class='ocr_line' id='line_1_17' title="bbox 307 2028 2138 2104; baseline 0 -19"><span class='ocrx_word' id='word_1_117' title='bbox 307 2029 505 2104; x_wconf 67' lang='lat' dir='ltr'>gratia·</span> <span class='ocrx_word' id='word_1_118' title='bbox 523 2029 729 2086; x_wconf 88' lang='lat' dir='ltr'>Conon</span> <span class='ocrx_word' id='word_1_119' title='bbox 762 2048 796 2085; x_wconf 87' lang='lat' dir='ltr'>a</span> <span class='ocrx_word' id='word_1_120' title='bbox 823 2028 1209 2086; x_wconf 86' lang='lat' dir='ltr'>Pharnabazo</span> <span class='ocrx_word' id='word_1_121' title='bbox 1239 2028 1312 2085; x_wconf 88' lang='lat' dir='ltr'>ad</span> <span class='ocrx_word' id='word_1_122' title='bbox 1356 2029 1588 2104; x_wconf 85' lang='lat' dir='ltr'>Regem</span> <span class='ocrx_word' id='word_1_123' title='bbox 1636 2028 1867 2101; x_wconf 88' lang='lat' dir='ltr'>missus,</span> <span class='ocrx_word' id='word_1_124' title='bbox 1915 2040 2138 2103; x_wconf 78' lang='lat' dir='ltr'>postea-</span> 
     </span>
     <span class='ocr_line' id='line_1_18' title="bbox 306 2124 2133 2201; baseline 0 -20"><span class='ocrx_word' id='word_1_125' title='bbox 306 2124 683 2200; x_wconf 23' lang='lat' dir='ltr'>quam‘venit,</span> <span class='ocrx_word' id='word_1_126' title='bbox 712 2124 963 2201; x_wconf 88' lang='lat' dir='ltr'>primum</span> <span class='ocrx_word' id='word_1_127' title='bbox 991 2143 1065 2182; x_wconf 86' lang='lat' dir='ltr'>ex</span> <span class='ocrx_word' id='word_1_128' title='bbox 1093 2144 1250 2183; x_wconf 89' lang='lat' dir='ltr'>more</span> <span class='ocrx_word' id='word_1_129' title='bbox 1280 2124 1589 2184; x_wconf 87' lang='lat' dir='ltr'>Persarum</span> <span class='ocrx_word' id='word_1_130' title='bbox 1613 2125 1687 2183; x_wconf 82' lang='lat' dir='ltr'>ad</span> <span class='ocrx_word' id='word_1_131' title='bbox 1710 2124 2133 2197; x_wconf 87' lang='lat' dir='ltr'>Chiliarchum,</span> 
     </span>
     <span class='ocr_line' id='line_1_19' title="bbox 305 2220 2136 2298; baseline 0.001 -21"><span class='ocrx_word' id='word_1_132' title='bbox 305 2220 405 2295; x_wconf 87' lang='lat' dir='ltr'>qui</span> <span class='ocrx_word' id='word_1_133' title='bbox 459 2222 781 2278; x_wconf 86' lang='lat' dir='ltr'>secundum</span> <span class='ocrx_word' id='word_1_134' title='bbox 835 2222 1082 2298; x_wconf 89' lang='lat' dir='ltr'>gradum</span> <span class='ocrx_word' id='word_1_135' title='bbox 1136 2220 1360 2297; x_wconf 89' lang='lat' dir='ltr'>imperii</span> <span class='ocrx_word' id='word_1_136' title='bbox 1429 2222 1686 2294; x_wconf 88' lang='lat' dir='ltr'>tenebat,</span> <span class='ocrx_word' id='word_1_137' title='bbox 1751 2221 2136 2280; x_wconf 87' lang='lat' dir='ltr'>Tithrausten</span> 
     </span>
     <span class='ocr_line' id='line_1_20' title="bbox 307 2316 2129 2393; baseline 0.001 -21"><span class='ocrx_word' id='word_1_138' title='bbox 307 2316 573 2388; x_wconf 82' lang='lat' dir='ltr'>accessit,</span> <span class='ocrx_word' id='word_1_139' title='bbox 599 2336 773 2392; x_wconf 91' lang='lat' dir='ltr'>seque</span> <span class='ocrx_word' id='word_1_140' title='bbox 795 2317 1049 2375; x_wconf 88' lang='lat' dir='ltr'>ostendit</span> <span class='ocrx_word' id='word_1_141' title='bbox 1065 2336 1200 2375; x_wconf 88' lang='lat' dir='ltr'>cum</span> <span class='ocrx_word' id='word_1_142' title='bbox 1226 2318 1397 2393; x_wconf 87' lang='lat' dir='ltr'>Rege</span> <span class='ocrx_word' id='word_1_143' title='bbox 1416 2316 1665 2392; x_wconf 79' lang='lat' dir='ltr'>colloqui</span> <span class='ocrx_word' id='word_1_144' title='bbox 1687 2318 1850 2376; x_wconf 80' lang='lat' dir='ltr'>velle.</span> <span class='ocrx_word' id='word_1_145' title='bbox 1936 2316 2129 2375; x_wconf 89' lang='lat' dir='ltr'>Nemo</span> 
     </span>
     <span class='ocr_line' id='line_1_21' title="bbox 306 2410 2257 2486; baseline 0.001 -18"><span class='ocrx_word' id='word_1_146' title='bbox 306 2410 462 2468; x_wconf 88' lang='lat' dir='ltr'>enim</span> <span class='ocrx_word' id='word_1_147' title='bbox 494 2410 618 2468; x_wconf 87' lang='lat' dir='ltr'>sine</span> <span class='ocrx_word' id='word_1_148' title='bbox 641 2412 753 2470; x_wconf 91' lang='lat' dir='ltr'>hoc</span> <span class='ocrx_word' id='word_1_149' title='bbox 784 2411 1123 2471; x_wconf 84' lang='lat' dir='ltr'>admittitur.</span> <span class='ocrx_word' id='word_1_150' title='bbox 1209 2411 1371 2470; x_wconf 90' lang='lat' dir='ltr'>Huic</span> <span class='ocrx_word' id='word_1_151' title='bbox 1401 2412 1517 2485; x_wconf 85' lang='lat' dir='ltr'>ille,</span> <span class='ocrx_word' id='word_1_152' title='bbox 1546 2413 1725 2484; x_wconf 74' lang='lat' dir='ltr'>nulla,</span> <span class='ocrx_word' id='word_1_153' title='bbox 1745 2412 1951 2486; x_wconf 90' lang='lat' dir='ltr'>inquit,</span> <span class='ocrx_word' id='word_1_154' title='bbox 1976 2431 2137 2468; x_wconf 80' lang='lat' dir='ltr'>mora</span> <span class='ocrx_word' id='word_1_155' title='bbox 2175 2411 2257 2470; x_wconf 76' lang='lat'>20</span> 
     </span>
     <span class='ocr_line' id='line_1_22' title="bbox 307 2504 2136 2583; baseline 0.001 -21"><span class='ocrx_word' id='word_1_156' title='bbox 307 2513 426 2569; x_wconf 78' lang='lat' dir='ltr'>est,-</span> <span class='ocrx_word' id='word_1_157' title='bbox 468 2505 569 2563; x_wconf 80' lang='lat' dir='ltr'>sed</span> <span class='ocrx_word' id='word_1_158' title='bbox 592 2514 655 2562; x_wconf 81' lang='lat' dir='ltr'>tu</span> <span class='ocrx_word' id='word_1_159' title='bbox 684 2505 956 2579; x_wconf 80' lang='lat' dir='ltr'>delibera,</span> <span class='ocrx_word' id='word_1_160' title='bbox 987 2504 1183 2564; x_wconf 54' lang='lat' dir='ltr'>utrum</span> <span class='ocrx_word' id='word_1_161' title='bbox 1212 2508 1455 2583; x_wconf 82' lang='lat' dir='ltr'>colloqui</span> <span class='ocrx_word' id='word_1_162' title='bbox 1482 2508 1670 2579; x_wconf 77' lang='lat' dir='ltr'>malis,</span> <span class='ocrx_word' id='word_1_163' title='bbox 1700 2527 1894 2582; x_wconf 79' lang='lat' dir='ltr'>anper</span> <span class='ocrx_word' id='word_1_164' title='bbox 1910 2508 2136 2564; x_wconf 79' lang='lat' dir='ltr'>litteras</span> 
     </span>
     <span class='ocr_line' id='line_1_23' title="bbox 306 2602 2137 2677; baseline -0.001 -19"><span class='ocrx_word' id='word_1_165' title='bbox 306 2619 499 2675; x_wconf 83' lang='lat' dir='ltr'>agere,</span> <span class='ocrx_word' id='word_1_166' title='bbox 529 2621 654 2677; x_wconf 77' lang='lat' dir='ltr'>quoe</span> <span class='ocrx_word' id='word_1_167' title='bbox 684 2603 926 2676; x_wconf 75' lang='lat' dir='ltr'>cogitas·</span> <span class='ocrx_word' id='word_1_168' title='bbox 1012 2602 1254 2658; x_wconf 81' lang='lat' dir='ltr'>Necesse</span> <span class='ocrx_word' id='word_1_169' title='bbox 1282 2609 1366 2658; x_wconf 81' lang='lat' dir='ltr'>est</span> <span class='ocrx_word' id='word_1_170' title='bbox 1394 2602 1558 2672; x_wconf 80' lang='lat' dir='ltr'>enim,</span> <span class='ocrx_word' id='word_1_171' title='bbox 1589 2602 1642 2658; x_wconf 76' lang='lat' dir='ltr'>si</span> <span class='ocrx_word' id='word_1_172' title='bbox 1683 2602 1747 2657; x_wconf 81' lang='lat' dir='ltr'>in</span> <span class='ocrx_word' id='word_1_173' title='bbox 1783 2609 2137 2676; x_wconf 75' lang='lat' dir='ltr'>conspectum</span> 
     </span>
     <span class='ocr_line' id='line_1_24' title="bbox 308 2694 2133 2773; baseline 0.001 -21"><span class='ocrx_word' id='word_1_174' title='bbox 308 2697 546 2767; x_wconf 81' lang='lat' dir='ltr'>veneris,</span> <span class='ocrx_word' id='word_1_175' title='bbox 576 2697 841 2753; x_wconf 84' lang='lat' dir='ltr'>venerari</span> <span class='ocrx_word' id='word_1_176' title='bbox 874 2704 926 2752; x_wconf 83' lang='lat' dir='ltr'>te</span> <span class='ocrx_word' id='word_1_177' title='bbox 949 2695 1172 2770; x_wconf 83' lang='lat' dir='ltr'>Regem</span> <span class='ocrx_word' id='word_1_178' title='bbox 1193 2694 1370 2772; x_wconf 91' lang='lat' dir='ltr'>(quod</span> <span class='ocrx_word' id='word_1_179' title='bbox 1397 2695 1748 2770; x_wconf 86' lang='lat' dir='ltr'>proskynein</span> <span class='ocrx_word' id='word_1_180' title='bbox 1770 2695 1852 2753; x_wconf 87' lang='lat' dir='ltr'>illi</span> <span class='ocrx_word' id='word_1_181' title='bbox 1875 2696 2133 2773; x_wconf 81' lang='lat' dir='ltr'>vocant.)</span> 
     </span>
     <span class='ocr_line' id='line_1_25' title="bbox 308 2789 2138 2867; baseline 0.001 -21"><span class='ocrx_word' id='word_1_182' title='bbox 308 2789 444 2847; x_wconf 83' lang='lat' dir='ltr'>Hoc</span> <span class='ocrx_word' id='word_1_183' title='bbox 471 2791 525 2847; x_wconf 80' lang='lat' dir='ltr'>si</span> <span class='ocrx_word' id='word_1_184' title='bbox 551 2790 661 2847; x_wconf 79' lang='lat' dir='ltr'>tibi</span> <span class='ocrx_word' id='word_1_185' title='bbox 682 2810 868 2865; x_wconf 80' lang='lat' dir='ltr'>grave</span> <span class='ocrx_word' id='word_1_186' title='bbox 894 2799 998 2864; x_wconf 83' lang='lat' dir='ltr'>est,</span> <span class='ocrx_word' id='word_1_187' title='bbox 1017 2810 1130 2867; x_wconf 79' lang='lat' dir='ltr'>per</span> <span class='ocrx_word' id='word_1_188' title='bbox 1156 2811 1238 2848; x_wconf 89' lang='lat' dir='ltr'>me</span> <span class='ocrx_word' id='word_1_189' title='bbox 1265 2791 1445 2847; x_wconf 75' lang='lat' dir='ltr'>nihilo</span> <span class='ocrx_word' id='word_1_190' title='bbox 1475 2789 1660 2848; x_wconf 64' lang='lat' dir='ltr'>secizis</span> <span class='ocrx_word' id='word_1_191' title='bbox 1705 2791 1875 2848; x_wconf 82' lang='lat' dir='ltr'>editis</span> <span class='ocrx_word' id='word_1_192' title='bbox 1902 2791 2138 2848; x_wconf 81' lang='lat' dir='ltr'>manda-</span> 
     </span>
     <span class='ocr_line' id='line_1_26' title="bbox 307 2885 2258 2962; baseline 0.003 -22"><span class='ocrx_word' id='word_1_193' title='bbox 307 2885 384 2941; x_wconf 80' lang='lat' dir='ltr'>tis</span> <span class='ocrx_word' id='word_1_194' title='bbox 436 2885 716 2961; x_wconf 80' lang='lat' dir='ltr'>conficies,</span> <span class='ocrx_word' id='word_1_195' title='bbox 772 2886 926 2962; x_wconf 82' lang='lat' dir='ltr'>quod</span> <span class='ocrx_word' id='word_1_196' title='bbox 950 2885 1157 2943; x_wconf 76' lang='lat' dir='ltr'>studes,</span> <span class='ocrx_word' id='word_1_197' title='bbox 1269 2885 1429 2941; x_wconf 90' lang='lat' dir='ltr'>Tum</span> <span class='ocrx_word' id='word_1_198' title='bbox 1485 2885 1714 2957; x_wconf 89' lang='lat' dir='ltr'>Conon,</span> <span class='ocrx_word' id='word_1_199' title='bbox 1772 2886 1928 2942; x_wconf 74' lang='lat' dir='ltr'>Mihi</span> <span class='ocrx_word' id='word_1_200' title='bbox 1981 2885 2135 2958; x_wconf 72' lang='lat' dir='ltr'>vert),</span> <span class='ocrx_word' id='word_1_201' title='bbox 2175 2885 2258 2945; x_wconf 69' lang='lat'>25</span> 
     </span>
     <span class='ocr_line' id='line_1_27' title="bbox 310 2978 2133 3055; baseline 0.001 -20"><span class='ocrx_word' id='word_1_202' title='bbox 310 2978 514 3053; x_wconf 86' lang='lat' dir='ltr'>inquit,</span> <span class='ocrx_word' id='word_1_203' title='bbox 570 2999 681 3037; x_wconf 82' lang='lat' dir='ltr'>non</span> <span class='ocrx_word' id='word_1_204' title='bbox 734 2989 817 3038; x_wconf 77' lang='lat' dir='ltr'>est</span> <span class='ocrx_word' id='word_1_205' title='bbox 859 3000 1065 3055; x_wconf 84' lang='lat' dir='ltr'>grave,</span> <span class='ocrx_word' id='word_1_206' title='bbox 1114 2982 1362 3055; x_wconf 77' lang='lat' dir='ltr'>quemvis</span> <span class='ocrx_word' id='word_1_207' title='bbox 1406 2981 1664 3037; x_wconf 76' lang='lat' dir='ltr'>honorem</span> <span class='ocrx_word' id='word_1_208' title='bbox 1713 2980 1917 3036; x_wconf 74' lang='lat' dir='ltr'>habere</span> <span class='ocrx_word' id='word_1_209' title='bbox 1954 2980 2133 3053; x_wconf 81' lang='lat' dir='ltr'>Regi.</span> 
     </span>
     <span class='ocr_line' id='line_1_28' title="bbox 309 3073 2134 3149; baseline 0.001 -20"><span class='ocrx_word' id='word_1_210' title='bbox 309 3073 429 3129; x_wconf 76' lang='lat' dir='ltr'>Sed</span> <span class='ocrx_word' id='word_1_211' title='bbox 451 3094 662 3146; x_wconf 83' lang='lat' dir='ltr'>vereor,</span> <span class='ocrx_word' id='word_1_212' title='bbox 685 3094 753 3132; x_wconf 81' lang='lat' dir='ltr'>ne</span> <span class='ocrx_word' id='word_1_213' title='bbox 782 3074 1014 3132; x_wconf 80' lang='lat' dir='ltr'>civitati</span> <span class='ocrx_word' id='word_1_214' title='bbox 1040 3094 1172 3131; x_wconf 69' lang='lat' dir='ltr'>mere</span> <span class='ocrx_word' id='word_1_215' title='bbox 1200 3075 1278 3131; x_wconf 83' lang='lat' dir='ltr'>sit</span> <span class='ocrx_word' id='word_1_216' title='bbox 1307 3074 1635 3149; x_wconf 82' lang='lat' dir='ltr'>opprobrio,</span> <span class='ocrx_word' id='word_1_217' title='bbox 1665 3074 1736 3144; x_wconf 80' lang='lat' dir='ltr'>si,</span> <span class='ocrx_word' id='word_1_218' title='bbox 1782 3092 1950 3148; x_wconf 81' lang='lat' dir='ltr'>quum</span> <span class='ocrx_word' id='word_1_219' title='bbox 1977 3093 2042 3129; x_wconf 76' lang='lat' dir='ltr'>ez</span> <span class='ocrx_word' id='word_1_220' title='bbox 2068 3073 2134 3131; x_wconf 74' lang='lat' dir='ltr'>ed</span> 
     </span>
     <span class='ocr_line' id='line_1_29' title="bbox 306 3168 2135 3246; baseline -0.001 -21"><span class='ocrx_word' id='word_1_221' title='bbox 306 3168 411 3225; x_wconf 80' lang='lat' dir='ltr'>sim</span> <span class='ocrx_word' id='word_1_222' title='bbox 426 3168 747 3244; x_wconf 81' lang='lat' dir='ltr'>profectus,</span> <span class='ocrx_word' id='word_1_223' title='bbox 777 3189 902 3246; x_wconf 79' lang='lat' dir='ltr'>quoe</span> <span class='ocrx_word' id='word_1_224' title='bbox 931 3169 1150 3227; x_wconf 67' lang='lat' dir='ltr'>caeteris</span> <span class='ocrx_word' id='word_1_225' title='bbox 1174 3168 1446 3243; x_wconf 80' lang='lat' dir='ltr'>gentibus</span> <span class='ocrx_word' id='word_1_226' title='bbox 1468 3169 1748 3245; x_wconf 81' lang='lat' dir='ltr'>imperare</span> <span class='ocrx_word' id='word_1_227' title='bbox 1767 3168 2135 3241; x_wconf 79' lang='lat' dir='ltr'>consueverit,</span> 
     </span>
     <span class='ocr_line' id='line_1_30' title="bbox 299 3262 2133 3341; baseline 0.001 -20"><span class='ocrx_word' id='word_1_228' title='bbox 299 3263 500 3341; x_wconf 54' lang='lat' dir='ltr'>potitis</span> <span class='ocrx_word' id='word_1_229' title='bbox 532 3264 927 3338; x_wconf 78' lang='lat' dir='ltr'>barbarorum,</span> <span class='ocrx_word' id='word_1_230' title='bbox 957 3264 1127 3341; x_wconf 74' lang='lat' dir='ltr'>qudm</span> <span class='ocrx_word' id='word_1_231' title='bbox 1169 3266 1349 3331; x_wconf 81' lang='lat' dir='ltr'>illius,</span> <span class='ocrx_word' id='word_1_232' title='bbox 1388 3285 1538 3323; x_wconf 89' lang='lat' dir='ltr'>more</span> <span class='ocrx_word' id='word_1_233' title='bbox 1561 3262 1821 3339; x_wconf 81' lang='lat' dir='ltr'>fungar.</span> <span class='ocrx_word' id='word_1_234' title='bbox 1906 3263 2133 3339; x_wconf 85' lang='lat' dir='ltr'>Itaque,</span> 
     </span>
     <span class='ocr_line' id='line_1_31' title="bbox 304 3360 2257 3435; baseline 0.002 -20"><span class='ocrx_word' id='word_1_235' title='bbox 304 3378 432 3435; x_wconf 69' lang='lat' dir='ltr'>quae</span> <span class='ocrx_word' id='word_1_236' title='bbox 460 3360 705 3432; x_wconf 80' lang='lat' dir='ltr'>volebat,</span> <span class='ocrx_word' id='word_1_237' title='bbox 735 3360 873 3418; x_wconf 87' lang='lat' dir='ltr'>huic</span> <span class='ocrx_word' id='word_1_238' title='bbox 902 3360 1116 3435; x_wconf 89' lang='lat' dir='ltr'>scripta</span> <span class='ocrx_word' id='word_1_239' title='bbox 1143 3360 1398 3419; x_wconf 90' lang='lat' dir='ltr'>tradidit.</span> <span class='ocrx_word' id='word_1_240' title='bbox 2174 3361 2257 3419; x_wconf 79' lang='lat'>80</span> 
     </span>
    </p>

    <p class='ocr_par' dir='ltr' id='par_1_4' title="bbox 306 3452 2138 3720">
     <span class='ocr_line' id='line_1_32' title="bbox 388 3452 2138 3532; baseline 0.001 -21"><span class='ocrx_word' id='word_1_241' title='bbox 388 3454 495 3513; x_wconf 89' lang='lat' dir='ltr'>IV.</span> <span class='ocrx_word' id='word_1_242' title='bbox 579 3455 818 3517; x_wconf 77' lang='lat' dir='ltr'>Quibus</span> <span class='ocrx_word' id='word_1_243' title='bbox 865 3455 1137 3532; x_wconf 70' lang='lat' dir='ltr'>cognitiS,</span> <span class='ocrx_word' id='word_1_244' title='bbox 1188 3456 1326 3513; x_wconf 90' lang='lat' dir='ltr'>Rex</span> <span class='ocrx_word' id='word_1_245' title='bbox 1375 3452 1601 3513; x_wconf 72' lang='lat' dir='ltr'>tantum</span> <span class='ocrx_word' id='word_1_246' title='bbox 1641 3454 1983 3513; x_wconf 85' lang='lat' dir='ltr'>auctoritate</span> <span class='ocrx_word' id='word_1_247' title='bbox 2011 3455 2138 3530; x_wconf 87' lang='lat' dir='ltr'>ejus</span> 
     </span>
     <span class='ocr_line' id='line_1_33' title="bbox 306 3547 2138 3626; baseline 0 -19"><span class='ocrx_word' id='word_1_248' title='bbox 306 3562 495 3609; x_wconf 86' lang='lat' dir='ltr'>motus</span> <span class='ocrx_word' id='word_1_249' title='bbox 522 3562 632 3623; x_wconf 87' lang='lat' dir='ltr'>est,</span> <span class='ocrx_word' id='word_1_250' title='bbox 660 3563 725 3609; x_wconf 92' lang='lat' dir='ltr'>ut</span> <span class='ocrx_word' id='word_1_251' title='bbox 752 3550 1212 3626; x_wconf 85' lang='lat' dir='ltr'>Tissaphernem</span> <span class='ocrx_word' id='word_1_252' title='bbox 1242 3552 1468 3607; x_wconf 88' lang='lat' dir='ltr'>hostem</span> <span class='ocrx_word' id='word_1_253' title='bbox 1486 3547 1851 3625; x_wconf 88' lang='lat' dir='ltr'>judicaverit,</span> <span class='ocrx_word' id='word_1_254' title='bbox 1875 3561 1934 3607; x_wconf 90' lang='lat' dir='ltr'>et</span> <span class='ocrx_word' id='word_1_255' title='bbox 1957 3549 2138 3607; x_wconf 86' lang='lat' dir='ltr'>Lace-</span> 
     </span>
     <span class='ocr_line' id='line_1_34' title="bbox 308 3641 2135 3720; baseline 0.001 -20"><span class='ocrx_word' id='word_1_256' title='bbox 308 3644 623 3703; x_wconf 82' lang='lat' dir='ltr'>daemonios</span> <span class='ocrx_word' id='word_1_257' title='bbox 652 3646 804 3703; x_wconf 88' lang='lat' dir='ltr'>bello</span> <span class='ocrx_word' id='word_1_258' title='bbox 830 3644 1097 3720; x_wconf 89' lang='lat' dir='ltr'>persequi</span> <span class='ocrx_word' id='word_1_259' title='bbox 1121 3643 1378 3720; x_wconf 84' lang='lat' dir='ltr'>jusserit,</span> <span class='ocrx_word' id='word_1_260' title='bbox 1407 3655 1467 3701; x_wconf 92' lang='lat' dir='ltr'>et</span> <span class='ocrx_word' id='word_1_261' title='bbox 1494 3643 1550 3700; x_wconf 89' lang='lat' dir='ltr'>ei</span> <span class='ocrx_word' id='word_1_262' title='bbox 1576 3641 1922 3720; x_wconf 85' lang='lat' dir='ltr'>permiserit,</span> <span class='ocrx_word' id='word_1_263' title='bbox 1962 3662 2135 3718; x_wconf 91' lang='lat' dir='ltr'>quem</span> 
     </span>
    </p>
   </div>
  </div>
 </body>
</html>
