2619 4349
1033 432 1461 480 AGESILAUS.
2194 423 2274 481 75

322 591 657 670 AgesilaiiS,
699 592 895 650 multis
950 593 1091 650 locis
1133 591 1499 668 expugnatiS,
1542 591 1755 666 magna
1797 601 1920 647 erat
1960 589 2153 665 praeda

319 690 550 766 potitus
656 688 816 745 Laco
881 700 1093 761 autem,
1145 707 1323 762 quum
1386 687 1605 743 videret
1664 687 1853 742 hostes
1896 685 2152 760 equitatu

307 803 613 860 superare,
653 803 952 858 nunquam
981 782 1039 839 in
1070 802 1275 858 campo
1305 781 1394 839 sui
1425 781 1562 839 fecit
1583 792 1946 857 potestatem,
1979 793 2034 837 et
2066 780 2154 836 his

320 878 465 936 locis
506 898 742 936 manum
786 878 1097 950 conseruit,
1166 878 1375 953 quibus
1429 875 1559 954 plus
1628 877 1924 952 pedestres
1973 875 2152 951 copiae

320 974 596 1032 valerent.
709 973 954 1048 Repulit
980 992 1138 1049 erg0,
1168 972 1642 1048 quotiescumque
1672 991 2018 1048 congressus
2047 984 2153 1043 est,
2194 973 2235 1029 5

308 1067 503 1127 ,multo
547 1069 792 1145 majores
836 1068 1290 1126 adversariorum
1322 1067 1537 1143 copiaS‚
1568 1080 1626 1125 et
1654 1067 1739 1123 sic
1770 1067 1829 1123 in
1862 1066 2006 1123 Asia
2035 1086 2155 1122 ver-

322 1175 481 1222 satus
511 1176 617 1237 est,
648 1176 712 1222 ut
736 1164 996 1222 omnium
1025 1163 1297 1240 opinione
1327 1163 1506 1221 victor
1535 1164 1860 1220 duceretur.

402 1259 508 1316 IV.
594 1260 713 1317 Hic
754 1279 929 1334 quum
967 1258 1089 1336 jam
1133 1259 1328 1318 animo
1368 1260 1743 1316 meditaretur
1772 1256 2063 1333 proficisci
2093 1256 2152 1315 in

322 1355 549 1431 PerpaS,
580 1367 639 1414 et
680 1355 867 1431 ipsum
898 1356 1127 1431 Regem
1161 1354 1391 1427 adoriri,
1421 1354 1662 1412 nuntius
1702 1353 1758 1411 ei
1799 1354 1970 1410 domo
1999 1351 2156 1410 venit

321 1450 600 1527 ephorum
624 1451 810 1527 jussu,
842 1451 1053 1508 bellum
1084 1449 1478 1508 Athenienses
1507 1461 1564 1508 et
1592 1449 1846 1507 Boeotios
1876 1448 2151 1505 indixisse
2198 1449 2272 1506 10

270 1529 274 1533 ⁴
322 1545 784 1604 Lacedaemoniis
810 1566 822 1604 :
866 1566 1041 1622 quare
1071 1545 1266 1603 venire
1297 1565 1371 1603 ne
1401 1545 1706 1604 dubitaret.
1792 1544 1864 1601 In
1895 1545 2005 1602 hoc
2034 1564 2150 1601 non

321 1639 515 1699 minus
544 1641 668 1716 ejus
709 1642 893 1717 pietas
936 1641 1307 1717 suspicienda
1349 1652 1455 1713 est,
1488 1638 1660 1716 quarn
1704 1640 1882 1698 virtus
1923 1640 2149 1697 bellica.

319 1737 447 1798 Qui
480 1756 655 1812 quum
685 1736 888 1794 victori
928 1749 1202 1813 proeesset
1241 1736 1544 1809 exercitui,
1588 1736 2012 1812 maximamque
2056 1738 2153 1794 ha-

305 1832 483 1888 beret
512 1831 785 1888 fiduciam
814 1831 980 1907 regni
1007 1831 1314 1889 Persarum
1343 1831 1641 1907 potiundi3
1685 1832 1847 1890 tanta
1871 1833 2152 1890 modestia

317 1927 478 1985 dicto
522 1927 763 1984 audiens
806 1927 912 1984 suit
946 1926 1122 2002 jussis
1153 1927 1479 1985 absentium
1514 1926 1974 2002 magistratuum,
2015 1940 2077 1985 ut
2105 1927 2154 1984 si
2199 1929 2272 1985 15

308 2021 573 2098 privatus
618 2021 677 2078 in
733 2021 968 2080 comitio
1022 2033 1175 2080 esset
1230 2023 1471 2097 Spartae.
1584 2021 1769 2098 Cujus
1823 2024 2151 2097 exemplum

318 2116 544 2176 utinam
586 2117 957 2194 imperatores
1000 2117 1179 2176 nostri
1222 2117 1387 2193 sequi
1428 2106 1779 2177 voluissent!
1868 2119 1984 2174 Sed
2016 2119 2154 2176 illuc

318 2215 643 2272 redeamus,
747 2215 1060 2291 Agesilaiis
1107 2214 1545 2291 opulentissimo
1601 2235 1783 2292 regno
1841 2217 2151 2292 praeposuit

318 2310 531 2367 bonam
574 2309 1079 2383 existimationem,
1136 2309 1434 2387 multoque
1501 2308 1808 2387 gloriosius
1862 2311 2046 2384 duxit,
2103 2309 2152 2368 si

318 2404 600 2463 institutis
647 2405 848 2482 patrias
901 2406 1207 2483 paruisset,
1263 2404 1437 2481 quam
1492 2407 1542 2465 si
1599 2407 1750 2465 bello
1824 2407 2151 2483 superasset
2190 2406 2270 2465 20

318 2500 544 2559 Asiam.
630 2502 764 2559 Hac
793 2502 969 2579 igitur
998 2514 1193 2560 mente
1217 2502 1661 2578 Hellespontum
1688 2502 1885 2577 copias
1903 2503 2148 2577 trajecit,

318 2597 595 2671 tantaque
625 2617 762 2655 usus
802 2610 890 2656 est
919 2598 1235 2670 celeritate,
1264 2608 1349 2669 ut,
1379 2598 1531 2672 quod
1575 2597 1681 2655 iter
1724 2596 1953 2654 Xerxes
1997 2616 2149 2654 anno

322 2703 578 2750 vertente
646 2694 997 2766 confecerat,
1068 2692 1164 2749 hic
1245 2691 1539 2750 transierit
1606 2692 1844 2768 triginta
1926 2692 2146 2750 diebus.

315 2787 522 2849 Quum
561 2787 682 2862 jam
711 2789 865 2844 haud
894 2788 974 2847 ita
1001 2786 1174 2865 longe
1207 2790 1436 2847 abesset
1464 2808 1497 2845 a
1524 2789 1944 2865 Peloponneso,
1972 2788 2151 2847 obsis-

318 2893 440 2939 tere
470 2882 525 2939 ei
554 2883 748 2941 conati
777 2895 912 2942 sunt
945 2884 1342 2941 Athenienses
1371 2897 1426 2943 et
1457 2884 1686 2958 Boeotii,
1717 2884 2025 2961 caeterique
2054 2905 2147 2944 eo-
2185 2886 2265 2945 25

319 2996 447 3034 rum
489 2977 650 3051 socii,
696 2979 846 3053 apud
890 2979 1251 3050 Coroneam3
1317 2999 1458 3055 quos
1498 3000 1701 3038 omnes
1742 2981 1904 3056 gravi
1944 2981 2147 3056 proelio

320 3070 474 3129 vicit.
559 3071 753 3147 Hujus
782 3071 1153 3131 victoriae‘vel
1183 3074 1437 3131 maxima
1465 3074 1571 3133 suit
1590 3075 1736 3148 laus,
1767 3073 1942 3150 quod,
1972 3096 2148 3150 quum

316 3164 573 3241 plerique
616 3185 688 3223 ex
730 3168 867 3243 suga
909 3188 970 3225 se
1014 3167 1072 3226 in
1114 3170 1392 3244 templum
1431 3168 1711 3227 Minervae
1740 3169 2149 3246 conjecissent,

314 3273 779 3337 quaerereturque
825 3263 897 3320 ab
938 3283 1028 3338 eo,
1071 3263 1208 3339 quid
1252 3264 1343 3323 his
1385 3266 1509 3323 fieri
1550 3267 1740 3339 vellet,
1782 3266 1890 3325 etsi
1935 3267 2149 3343 aliquot

317 3356 555 3412 vulnera
580 3369 885 3433 acceperat
907 3379 975 3416 eo
995 3360 1217 3434 proelio,
1241 3373 1300 3418 et
1330 3360 1508 3419 iratus
1533 3362 1833 3420 videbatur
1855 3363 2145 3437 omnibuS,
2188 3364 2267 3422 30

315 3450 415 3525 qui
444 3450 718 3510 adversus
748 3471 907 3510 arma
934 3454 1207 3527 tulerant,
1235 3466 1431 3513 tamen
1476 3456 1743 3514 antetulit
1783 3457 1881 3514 iroe
1923 3457 2148 3533 religio-

314 3563 473 3617 nem,
515 3557 574 3603 et
614 3565 713 3604 eos
753 3548 935 3606 vetuit
974 3548 1190 3607 violari.
1276 3549 1484 3624 Neque
1528 3549 1660 3608 vero
1705 3553 1815 3610 hoc
1857 3550 2042 3610 solum
2086 3553 2144 3610 in

314 3640 548 3699 Graecia
590 3641 748 3716 fecit,
791 3656 855 3702 ut
895 3646 1109 3722 templa
1157 3645 1396 3702 deorum
1452 3658 1656 3704 sancta
1710 3647 1985 3717 haberem
2041 3649 2143 3705 sed
