2619 4349
1067 362 1445 413 CHABRIAS.
2194 351 2276 410 49

337 523 590 598 quasset,
619 543 736 581 non
764 522 924 600 prius
952 521 1227 579 Thebani
1278 520 1487 597 Sparta
1520 520 1955 594 abscessissent,
1984 518 2155 596 quam

337 631 566 693 captam
594 618 871 676 incendio
899 616 1209 676 delessent.

418 711 533 770 III.
617 712 755 772 Fuit
784 725 976 771 autem
1003 724 1061 770 et
1089 712 1284 770 animo
1313 731 1527 788 magno
1553 724 1612 770 et
1634 730 1892 788 corpore,
1918 711 2160 788 impera-

337 809 596 883 toriaque
639 807 842 880 forma,
871 819 934 865 ut
962 807 1085 883 ipso
1118 818 1356 883 aspectu
1389 806 1575 864 cuivis
1612 806 1879 882 injiceret
1917 806 2162 864 admira-

336 903 552 962 tionem
590 902 697 960 sui.
783 902 901 960 Sed
941 902 1001 959 in
1048 902 1244 960 labore
1286 900 1563 960 remissus
1607 901 1802 974 nimis,
1844 921 2160 979 parumque
2200 903 2241 960 5

336 998 583 1075 patienS‚
612 1010 676 1056 ut
715 998 1102 1074 Theopompus
1129 996 1422 1055 memoriae
1470 996 1754 1072 prodidit;
1798 997 1985 1054 bonus
2022 994 2159 1054 vero

337 1093 500 1166 civis,
530 1094 756 1169 fideque
784 1093 1015 1170 magna.
1097 1091 1276 1153 Quod
1299 1110 1476 1167 quum
1501 1091 1561 1148 in
1592 1091 1719 1148 aliis
1758 1092 1932 1149 rebus
1969 1092 2162 1148 decla-

336 1188 501 1260 ravit,
529 1201 651 1247 tum
679 1185 929 1245 maxime
950 1186 1010 1244 in
1028 1187 1300 1261 Amyntae
1320 1185 1668 1244 Macedonis
1689 1184 1886 1242 liberis
1907 1184 2157 1243 tuendis,

338 1283 606 1358 Namque
656 1282 969 1358 Eurydice,
1018 1294 1201 1339 mater
1256 1279 1554 1338 Perdiccae
1608 1292 1668 1339 et
1720 1279 1992 1356 Philippi,
2023 1298 2158 1336 cum

338 1377 428 1435 his
457 1376 680 1435 duobus
708 1376 922 1453 pueris,
954 1374 1212 1452 Amynta
1261 1387 1505 1447 mortu0,
1538 1375 1611 1431 ad
1640 1373 1995 1451 Iphicratem
2025 1393 2160 1432 con-
2204 1375 2278 1432 10

339 1472 505 1548 sugit,
534 1472 773 1547 ejusque
801 1470 1008 1547 opibus
1036 1471 1277 1528 defensa
1303 1483 1408 1527 est.
1493 1469 1656 1528 Vixit
1686 1470 1756 1527 ad
1777 1481 2158 1541 senectutem,

336 1565 579 1642 placatis
608 1567 668 1622 in
697 1585 759 1622 se
804 1583 1037 1622 suorum
1076 1563 1290 1621 civium
1337 1564 1563 1621 animis.
1648 1564 1904 1621 Causam
1953 1564 2160 1639 capitis

338 1662 517 1718 semel
539 1661 704 1733 dixit,
734 1661 883 1718 bello
911 1659 1132 1732 sociali,
1183 1659 1353 1715 simul
1409 1677 1544 1715 cum
1599 1658 1932 1731 TimotheO,
1976 1678 2158 1734 eoque

332 1755 554 1830 judicio
602 1767 689 1813 est
744 1754 1055 1812 absolutus,
1156 1752 1503 1811 Menesthea
1557 1753 1738 1809 filium
1793 1753 2042 1828 reliquit,
2087 1773 2161 1810 ex

339 1848 597 1907 Thressa
646 1861 866 1921 natum,
912 1848 1053 1921 Coti,
1094 1847 1247 1924 regis
1302 1846 1438 1904 filia.
1520 1846 1581 1903 Is
1629 1867 1805 1922 quum
1848 1846 2160 1924 interroga·
2205 1850 2278 1905 15

337 1956 513 2016 retur,
541 1942 734 2000 utricm
765 1944 960 2019 pluris
985 1951 1216 2018 patrem
1258 1950 1561 1999 matremne
1592 1940 1864 2017 faceret:
1906 1950 2159 2016 matrem,

338 2037 538 2113 inquit.
623 2037 694 2107 Id
747 2057 923 2113 quum
976 2036 1246 2094 omnibus
1299 2036 1512 2094 mirum
1559 2035 1885 2093 videretur:
1929 2045 2012 2108 at,
2044 2037 2158 2109 ille,

335 2130 555 2207 meritc),
599 2131 804 2208 inquit,
829 2131 1024 2209 facio.
1107 2131 1265 2190 Nam
1282 2139 1479 2209 pater,
1510 2140 1781 2208 quantum
1822 2132 1885 2189 in
1927 2151 1984 2189 se
2002 2129 2159 2209 fuit,

349 2229 626 2286 Thracem
647 2249 727 2286 me
757 2228 995 2302 creavit,
1026 2235 1229 2285 contra
1255 2247 1326 2285 ea
1351 2236 1533 2285 mater
1560 2227 1977 2285 Atheniensem.
2007 2213 2008 2216 Ἰ

826 2605 973 2664 xn.
1058 2603 1668 2691 cHABRIAS.

418 2788 464 2847 Ι.
553 2788 861 2862 ΟῘιαόνίαε,
910 2788 1297 2847 Atheniensis.
1383 2787 1503 2845 Hic
1552 2808 1779 2864 quoque
1813 2787 1872 2846 in
1922 2787 2161 2846 summis
2198 2788 2279 2846 20

338 2884 567 2943 habitus
620 2897 709 2944 est
761 2884 1030 2958 ducibuS‚
1085 2903 1290 2961 resque
1343 2884 1555 2941 multas
1621 2884 1898 2942 memoria
1952 2884 2160 2960 dignas

337 2979 532 3055 gessit.
616 2980 734 3037 Sed
788 2999 862 3037 ex
916 2979 1008 3038 his
1060 2980 1253 3037 elucet
1306 2976 1560 3037 maxime
1603 2977 1901 3036 inventum
1943 2979 2070 3054 ejus
2099 2980 2158 3037 in

337 3073 558 3150 proelio,
601 3074 753 3151 quod
797 3075 949 3150 apud
996 3074 1238 3132 Thebas
1287 3074 1447 3146 fecit,
1484 3092 1662 3148 quum
1703 3072 1941 3131 Boeotiis
1978 3074 2163 3131 subsi-

339 3168 436 3227 dio
489 3170 758 3227 venisset.
843 3168 1112 3245 Namque
1162 3169 1220 3226 in
1276 3188 1349 3228 eo
1396 3167 1638 3227 victoria
1683 3169 1898 3226 fidente
1937 3188 2162 3229 summo

339 3265 489 3322 duce
519 3264 817 3341 Agesilao,
849 3265 1061 3341 fugatis
1085 3265 1206 3341 jam
1246 3265 1320 3321 ab
1363 3284 1433 3323 eo
1476 3264 1851 3323 conductitiis
1893 3265 2160 3340 catervi-2⁸,
2199 3267 2279 3326 25

339 3358 619 3435 reliquam
647 3360 995 3437 phalangem
1023 3361 1153 3419 loco
1182 3361 1363 3418 vetuit
1392 3361 1622 3432 cedere,
1651 3361 1976 3438 obnixoque
2006 3382 2163 3439 genu

339 3466 524 3527 scut0,
551 3454 811 3533 projecta
843 3453 1008 3535 [que]
1042 3455 1245 3528 hasta?
1275 3455 1554 3532 impetum
1593 3455 1862 3534 excipere
1911 3458 2162 3517 hostium

338 3550 553 3611 docuit.
638 3550 709 3608 Id
757 3569 969 3609 novum
1018 3550 1336 3628 Agesilaus
1383 3562 1689 3625 contuens,
1734 3554 2002 3629 progredi
2044 3572 2162 3612 non

731 3645 774 3703 5
