2619 4349
891 420 1473 472 THEMISTOGLES.
2160 414 2240 475 15

275 583 337 643 in
365 580 490 644 selo
514 600 724 645 navem
751 583 943 643 tenuit
969 583 1033 641 in
1061 582 1314 657 anoctis,
1339 601 1535 659 neque
1582 600 1914 659 quenquam
1940 601 2017 645 ex
2041 583 2117 641 efi

273 682 437 740 exire
460 700 668 760 passus
686 692 793 741 est.
878 681 1028 739 Inde
1057 680 1358 758 Ephesum
1384 679 1672 757 pervenit,
1715 679 1912 755 ibique
1956 678 2118 737 The·

273 778 600 838 mistoclem
627 778 899 856 exponit:
942 778 1043 836 cui
1070 777 1168 836 ille
1208 797 1314 855 pro
1361 776 1585 836 meritis
1626 775 1875 853 gratiam
1915 786 2119 853 postea

273 877 488 936 retulit.
874 924 879 929 .

352 973 465 1031 IX.
548 973 690 1032 Scio
728 974 1048 1050 :plenosque
1102 972 1186 1032 itu
1246 971 1574 1049 scripsisse,
1629 970 2116 1044 Themistoclem,
2156 972 2199 1030 5

277 1069 469 1128 Xerxe
495 1081 801 1147 regnante,
832 1071 895 1127 iu
924 1069 1130 1129 Asiam
1180 1069 1503 1127 tumim.
1586 1067 1708 1123 Sed
1733 1085 1846 1142 ego
1891 1067 2120 1142 potissi·

274 1164 435 1223 mum
463 1165 805 1242 Thucydidi
833 1166 1031 1237 credo,
1059 1163 1215 1239 quod
1272 1174 1442 1221 aetate
1488 1160 1788 1238 proximus
1831 1171 1976 1233 erat,
2018 1162 2120 1236 qui

275 1261 502 1319 illorum
556 1273 883 1336 temporum
949 1259 1250 1317 historiam
1320 1258 1698 1333 reliquerunt,
1747 1268 1809 1315 et
1854 1257 2119 1332 ejusdem

273 1356 529 1414 civitatis
558 1356 684 1413 fuit.
771 1356 832 1412 Is
860 1366 1057 1413 autem
1087 1354 1187 1427 ait,
1212 1354 1285 1411 ad
1308 1353 1689 1411 Artaxerxem
1712 1372 1848 1411 eum
1866 1354 2118 1425 venisse,

277 1463 450 1528 atque
480 1450 573 1509 his
598 1451 789 1508 verbis
808 1450 1114 1527 epistolam
1135 1449 1383 1508 misisse.
1467 1454 1506 1480 “
1528 1448 1962 1508 Themistocles
1983 1449 2118 1508 veni
2163 1451 2240 1509 1⁰

276 1550 350 1606 ad
379 1560 456 1621 te,
481 1548 580 1623 qui
606 1547 858 1624 plurima
899 1547 1056 1604 mala
1096 1545 1359 1604 omnium
1410 1544 1722 1603 Graiorum
1768 1544 1830 1603 in
1878 1546 2116 1604 domum

274 1656 436 1703 tuam
461 1644 650 1714 intuli,
680 1661 859 1718 quum
889 1642 1033 1700 mihi
1061 1661 1307 1700 necesse
1357 1640 1485 1713 suit,
1537 1637 1845 1699 adversum
1891 1653 2114 1716 patrem

275 1752 439 1798 tuum
470 1740 705 1811 bellare,
728 1739 1088 1815 patriamque
1106 1757 1297 1795 meam
1322 1737 1655 1795 defendere.
1740 1736 1908 1793 Idem
1933 1736 2118 1796 multo

274 1836 442 1912 plura
471 1837 625 1892 bona
653 1834 787 1907 feci,
816 1845 1120 1910 postquam
1150 1833 1211 1891 in
1240 1845 1367 1892 tuto
1397 1833 1539 1910 ipse,
1562 1844 1623 1891 et
1652 1832 1748 1890 ille
1773 1832 1835 1890 in
1855 1831 2118 1908 periculo

272 1952 403 1991 esse
432 1933 625 2008 coepit.
680 1960 685 1963 ·
711 1931 771 1988 N
776 1950 867 1989 am
894 1950 1074 2008 quum
1104 1931 1167 1988 in
1195 1931 1403 1989 Asiam
1430 1930 1642 1989 reverti
1670 1931 1879 2003 vellet,-
1912 1932 2118 2007 proelio
2162 1932 2238 1993 15

275 2030 429 2105 apud
461 2028 761 2086 Salamina
788 2030 962 2100 sacto,
993 2028 1201 2086 litteris
1222 2045 1359 2084 eum
1388 2026 1694 2085 certiorem
1744 2027 1880 2100 feci,
1911 2027 1969 2083 id
2001 2029 2116 2104 agi,

275 2136 341 2185 ut
366 2145 533 2202 pons,
563 2143 734 2200 quem
766 2124 825 2181 in
857 2123 1240 2201 Hellesponto
1270 2123 1508 2198 fecerat,
1558 2121 1986 2197 dissolveretur,
2037 2134 2119 2182 at-

274 2242 387 2298 que
418 2223 491 2279 ab
518 2220 782 2280 hostibus
810 2219 1232 2281 circumiretur.
1315 2220 1460 2283 Quo
1487 2220 1694 2279 nuntio
1722 2221 1820 2278 ille
1857 2220 2118 2297 periculo

274 2329 365 2376 est
392 2318 689 2375 liberatus.
772 2316 956 2374 Nunc
985 2317 1225 2393 confugi
1257 2316 1330 2374 ad
1359 2328 1438 2390 te,
1477 2317 1807 2393 exagitatus
1837 2336 1871 2374 a
1897 2318 2116 2375 cunctii

274 2413 530 2486 Graecia,
559 2425 721 2472 tuam
749 2424 955 2488 petens
983 2412 1322 2471 amicitiam.
1403 2412 1607 2475 Quam
1647 2412 1696 2470 si
1725 2432 1824 2470 ero
1849 2414 2113 2489 adeptus,
2154 2414 2237 2473 20

275 2523 395 2567 non
423 2506 621 2566 minus
667 2527 762 2564 me
806 2508 1024 2565 bonum
1075 2508 1330 2565 amicum
1380 2507 1644 2581 habebis,
1690 2507 1866 2583 quem
1911 2509 2116 2567 fortem

277 2603 581 2662 inimicum
614 2603 709 2660 ille
737 2613 1011 2677 expertus
1037 2614 1144 2660 est.
1228 2602 1321 2659 Ea
1349 2615 1543 2661 autem
1582 2623 1741 2678 rogo,
1793 2613 1859 2660 ut
1903 2604 1978 2660 de
2024 2603 2118 2661 his

274 2700 472 2771 rebus,
500 2717 645 2773 quas
672 2710 870 2756 tecum
900 2697 1151 2773 colloqui
1178 2698 1333 2770 volo,
1385 2717 1604 2755 annum
1654 2697 1799 2756 mihi
1842 2699 2120 2775 temporis

276 2795 403 2867 dee,
433 2813 618 2869 eoque
641 2804 955 2867 transacto,
985 2814 1079 2851 me
1107 2787 1182 2851 ad
1211 2805 1268 2851 te
1296 2793 1496 2852 venire
1515 2793 1812 2870 patiaris.'’

358 2891 436 2947 X.
523 2890 718 2965 Hujus
743 2889 879 2947 Rex
909 2889 1089 2946 animi
1118 2890 1587 2965 magnitudinem
1616 2891 1932 2964 admirnnS,
1955 2892 2118 2969 cupi·
2153 2893 2237 2952 25

276 3004 496 3061 ensque
524 2986 700 3044 talem
730 2984 916 3041 virum
946 2985 1057 3041 sibi
1098 2985 1424 3058 conciliari,
1470 2987 1701 3044 veniam
1745 2987 1922 3045 dedit.
2007 2988 2117 3048 Ille

275 3099 450 3139 omne
475 3081 531 3137 id
556 3092 785 3156 tempus
806 3079 1013 3138 litteris
1034 3079 1404 3155 sermonique
1422 3080 1730 3138 Persarum
1754 3082 1917 3140 dedit
1940 3102 1954 3151 3
1995 3082 2120 3157 qui·

277 3177 387 3235 bus
417 3174 564 3234 adeo
592 3176 857 3234 eruditus
885 3188 992 3249 est,
1020 3186 1087 3233 ut
1106 3172 1290 3234 multo
1315 3172 1678 3234 commodius
1706 3176 1935 3235 dicatur
1963 3178 2117 3255 apud

278 3271 510 3348 Regem
539 3272 715 3330 verba
742 3271 971 3345 fecisse,
1000 3269 1176 3347 quim
1206 3271 1268 3329 hi
1293 3283 1581 3348 poterant,
1629 3272 1730 3349 qui
1775 3273 1837 3332 in
1877 3274 2117 3336 Perside

276 3379 445 3427 erant
472 3370 612 3426 nati.
699 3368 820 3426 Hic
845 3385 1024 3444 quum
1053 3369 1237 3427 multa
1262 3368 1423 3445 Regi
1449 3381 1605 3428 esset
1631 3370 1944 3445 pollicitus,
1989 3392 2119 3448 gra-
2155 3372 2237 3436 30

276 3463 867 3541 tissimumquezinud,
897 3465 948 3523 si
976 3465 1097 3523 suis
1124 3464 1210 3523 uti
1237 3465 1500 3523 consiliis
1548 3467 1738 3540 vehet,
1768 3466 1932 3525 illum
1958 3468 2119 3527 (ἴττω-

276 3560 432 3618 ciam
461 3560 614 3618 bello
633 3557 1082 3638 oppressurum3
1127 3562 1356 3639 magnis
1399 3562 1740 3622 muneribus
1786 3565 1860 3621 ab
1906 3566 2117 3624 Artes:-

287 3674 423 3715 erxe
452 3658 721 3733 donatus,
752 3658 812 3717 in
836 3659 1042 3718 Asiam
1065 3660 1258 3734 rediit,
1287 3660 1763 3738 domiciliumque
1792 3661 2118 3739 Magnesia
