2619 4349
906 414 1488 465 THEMlSTOCLEs.
2160 405 2236 464 13

283 596 461 653 quum
491 577 632 637 satis
687 576 931 637 altitudo
957 562 1118 635 muri·
1156 588 1424 637 extructa
1470 574 1781 649 videretur,
1818 576 2113 652 praecepit.

285 672 529 732 Interim
554 692 780 747 omnes,
809 673 960 732 servi
987 684 1158 748 atque
1184 670 1375 745 liberi,
1404 691 1551 748 opus
1598 672 1878 744 facerent,
1926 691 2118 748 neque

286 769 387 827 ulli
415 770 544 828 loco
571 780 897 846 parcerent,
927 768 1048 826 sive
1071 787 1237 827 sacer
1289 778 1447 826 esset
1488 766 1608 825 sive
1650 767 1949 843 profanus,
1996 767 2119 826 sive

284 866 539 942 privatus
582 865 703 923 sive
745 864 1038 941 publicus,
1074 874 1137 923 et
1188 862 1467 939 undique,
1514 862 1670 939 quod
1723 861 2000 927 idoneum
2045 863 2118 921 ad

285 961 691 1021 muniendum.
719 971 1015 1038 putarent,
1067 970 1472 1036 congererent.
1553 957 1698 1020 Quo
1744 958 1963 1017 sactum
2005 968 2115 1031 est,
2156 958 2198 1015 5

285 1068 350 1116 ut
405 1056 859 1117 Atheniensium
913 1055 1067 1117 muri
1116 1075 1192 1114 ex
1242 1055 1479 1114 sacellis
1521 1053 1927 1130 ,sepulcrisque
1981 1072 2121 1117 con-

285 1162 523 1211 nutent.

364 1246 506 1304 VIL
590 1247 1023 1307 Themistocles
1053 1257 1269 1320 autem,
1297 1257 1364 1304 ut
1406 1245 1891 1305 Lacedaemonem
1939 1244 2118 1319 venit,

288 1342 447 1400 adire
478 1343 550 1398 ad
582 1341 954 1418 magistratus
992 1342 1198 1415 noluit,
1237 1354 1298 1400 et
1340 1342 1504 1402 dedit
1549 1360 1786 1418 operam
1832 1352 1897 1400 ut
1943 1339 2119 1417 quim

288 1433 624 1512 longissime
680 1447 909 1513 tempus
963 1437 1225 1510 duceret,
1298 1455 1541 1496 causam
1602 1437 1999 1513 interponens,
2054 1456 2118 1496 se
2163 1438 2237 1495 10

286 1532 545 1608 collegas
570 1543 895 1608 expectare.
978 1532 1186 1595 Quum
1235 1532 1671 1593 Lacedaemonii
1718 1544 2119 1608 quererentur,

286 1648 433 1704 opus
460 1627 1012 1700 nihilominuslfieri,
1040 1647 1301 1703 eumque*
1320 1627 1382 1686 in
1409 1629 1483 1687 eii
1526 1649 1589 1687 re
1632 1627 1835 1688 conari
1878 1629 2115 1699 fallere;

290 1723 520 1781 interim
560 1723 766 1800 reliqui
811 1724 991 1800 legati
1032 1736 1168 1782 sunt
1211 1723 1534 1785 consecuti.
1616 1726 1672 1782 A
1701 1725 1911 1800 quibus
1937 1744 2118 1802 quum

290 1817 566 1891 audisset,
596 1839 715 1877 non
743 1819 989 1878 multum
1012 1839 1314 1896 superesse
1343 1819 1704 1893 munitioniS,
1745 1822 1819 1878 ad
1856 1820 2122 1896 Ephoros

290 1913 865 1975 Lacedaemoniorum
895 1915 1166 1988 accessit,
1194 1935 1377 1991 penes
1418 1935 1563 1993 quos
1610 1935 1900 1975 summum
1943 1916 2121 1992 impe-
2164 1918 2238 1975 15

289 2008 438 2066 rium
486 2020 649 2079 erat3
694 2021 868 2086 atque
920 2011 1077 2086 apud
1130 2030 1233 2068 eos
1287 2010 1608 2083 contendit,
1658 2011 1802 2069 falsa
1849 2010 1939 2069 his
1991 2030 2121 2070 esse

288 2103 518 2177 delata3
560 2124 742 2183 quare
769 2123 1001 2183 oequum
1029 2124 1183 2178 esse,
1209 2105 1338 2164 illos
1366 2104 1516 2163 viros
1558 2105 1739 2164 bonos
1782 2105 2122 2183 nobilesque

290 2200 537 2275 mittere,
565 2201 780 2280 quibus
827 2202 972 2261 fides
1021 2202 1348 2275 haberetur,
1395 2201 1498 2280 qui
1546 2221 1668 2260 rem
1716 2202 2119 2278 explorarent3

291 2295 513 2355 interea
529 2316 591 2354 se
607 2296 871 2356 obsidem
891 2297 1227 2357 retinerent.
1309 2298 1525 2356 Gestus
1541 2310 1630 2358 est
1652 2298 1708 2355 ei
1722 2317 1865 2370 m08,
1885 2309 2118 2375 tresque

289 2393 486 2468 legati,
536 2393 724 2452 suncti
759 2393 1003 2451 summis
1043 2393 1383 2465 honoribus,
1434 2394 1702 2452 Athenas
1750 2393 1912 2451 missi
1964 2404 2115 2454 sunt.
2156 2392 2234 2451 20

290 2488 444 2545 Cum
473 2488 563 2546 his
594 2489 850 2564 collegas
876 2507 1012 2548 suos
1034 2488 1207 2564 jussit
1232 2487 1545 2565 proficisci,
1583 2489 1786 2565 eisque
1832 2489 2119 2566 praedixit,

292 2593 355 2641 ut
381 2601 458 2640 ne
484 2580 647 2658 prius
667 2582 1245 2640 Lacedaemoniorum
1295 2583 1518 2659 legatos
1540 2582 1923 2657 dimitterent,
1943 2582 2120 2659 quam

291 2676 414 2752 ipse
435 2688 592 2735 esset
616 2675 909 2736 remissus.
992 2675 1122 2735 Hos
1147 2687 1452 2754 postquam
1479 2677 1747 2738 Athenas
1787 2678 2121 2755 pervenisse

290 2783 450 2830 ratus
476 2783 584 2844 est,
617 2771 688 2829 ad
718 2771 1121 2849 magistratum
1142 2784 1525 2851 senatumque
1544 2772 2120 2834 Lacedaemoniorum

291 2866 453 2940 adiit,
482 2878 541 2925 et
570 2868 722 2943 apud
750 2886 851 2926 eos
876 2865 1170 2926 liberrime
1198 2869 1490 2944 professus
1518 2881 1606 2930 est
1630 2890 1643 2927 ι
1688 2876 1702 2901 ‘
1724 2871 2119 2929 Athenienses
2156 2870 2236 2929 25

291 2982 395 3021 suo
424 2962 688 3038 consili0,
715 2963 869 3039 quod
892 2964 1189 3022 communi
1206 2963 1337 3040 jure
1359 2965 1623 3042 gentium
1647 2967 1839 3024 facere
1861 2976 2117 3042 possent,

291 3058 450 3117 Deos
475 3057 742 3135 publicos
768 3077 1018 3135 suosque
1043 3058 1261 3135 patrios
1302 3078 1373 3122 ac
1415 3072 1676 3135 penateS,
1723 3059 1839 3135 quo
1890 3059 2120 3120 facilius

292 3155 366 3213 ab
393 3156 556 3214 hoste
584 3164 822 3232 possent
862 3154 1200 3228 defendere,
1245 3154 1427 3215 muris
1474 3154 1742 3232 sepsisse,
1791 3174 1979 3231 neque
2026 3175 2118 3229 e0,

289 3252 442 3327 quod
472 3249 679 3311 inutile
702 3262 858 3312 esset
884 3251 1150 3324 Graeciae,
1175 3251 1402 3311 fecisse.
1488 3252 1644 3310 Nam
1665 3252 1892 3312 illorum
1915 3252 2119 3311 urbem

289 3332 355 3405 ut
381 3348 882 3424 propugnaculum
910 3347 1233 3425 oppositum
1260 3366 1391 3405 esse
1416 3346 1709 3420 Barbaris,
1740 3349 1893 3424 apud
1941 3367 2117 3423 quam
2158 3348 2237 3408 3⁰

170 3466 192 3478 .
289 3443 406 3518 jam
436 3440 526 3500 bis
553 3443 771 3502 classes
797 3442 1024 3520 Regias
1053 3442 1260 3501 secisse
1279 3441 1664 3519 naufragium.
1750 3443 2121 3515 Lacedaemo·

291 3536 421 3597 nios
449 3550 644 3597 autem
665 3536 818 3597 male
846 3549 908 3598 et
935 3536 1149 3615 injuste
1179 3539 1395 3611 facere,
1414 3536 1595 3613 quiid
1616 3536 1808 3615 potius
1825 3538 2120 3599 intueren-

293 3644 406 3707 tur,
453 3634 608 3710 quod
637 3634 893 3713 ipsorum
946 3632 1350 3708 dominationi,
1403 3630 1577 3711 quam
1633 3633 1785 3709 quod
1831 3633 2115 3708 universa)

694 3730 738 3789 2
