2619 4349
778 458 841 508 Τ.
876 459 1289 510 POMPONIUS
1325 459 1653 510 ATTICUs.
2138 455 2253 515 123

300 618 719 695 occupationes
745 619 941 678 minus
969 618 1122 697 saepe
1152 617 1324 696 quam
1365 620 1538 678 vellet
1586 619 1787 677 Attico
1827 620 2130 695 frueretur,

302 715 499 772 nullus
527 715 652 772 dies
683 713 935 794 [tamen]
968 714 1186 780 temere
1218 715 1564 788 intercessit,
1596 735 1708 790 quo
1736 735 1850 773 non
1886 716 1957 773 ad
2001 735 2132 774 eum

302 808 628 868 scriberet:
692 830 869 884 quum
923 810 1096 868 modo
1155 811 1369 887 aliquid
1423 812 1497 867 de
1553 811 1891 885 antiquitate
1942 811 2014 868 ab
2067 831 2138 875 eo

302 905 640 980 requireret,
669 905 840 963 modo
873 905 1121 982 aliquam
1169 925 1226 963 ei
1253 906 1630 981 quaestionem
1671 905 1961 981 poeticam
2011 925 2136 981 pro-

302 1011 562 1076 poneret,
593 1000 882 1058 interdum
906 1001 1112 1076 jocans
1139 1001 1265 1076 ejus
1311 1001 1663 1059 verbosiores
1705 1001 1944 1058 eliceret
1989 1003 2136 1076 epis-
2175 1004 2215 1059 5

302 1096 465 1152 tolaS.
551 1095 640 1152 Ex
694 1115 807 1171 quo
862 1096 1095 1169 accidit,
1150 1115 1327 1171 quum
1372 1096 1525 1153 aedes
1574 1095 1734 1152 Jovis
1777 1094 2045 1167 Feretrii,
2075 1097 2135 1153 in

304 1189 593 1264 Capitolio
621 1189 694 1246 ab
722 1190 978 1248 Romulo
1006 1191 1339 1263 constituta,
1369 1201 1650 1247 vetustate
1695 1201 1864 1263 atque
1909 1189 2135 1247 incuria

305 1283 538 1340 detecta
583 1284 996 1358 prolaberetur,
1042 1295 1105 1341 ut
1159 1284 1346 1341 Attici
1402 1285 1699 1341 admonitu
1754 1284 1951 1341 Caesar
2005 1304 2134 1342 eam

304 1377 684 1434 reficiendam
723 1389 969 1437 curaret.
1054 1377 1262 1453 Neque
1285 1376 1419 1434 vero
1463 1378 1535 1435 ab
1553 1377 1635 1434 M.
1662 1378 1921 1435 Antonio
1943 1376 2136 1437 minus

297 1468 517 1528 'absens
544 1471 750 1529 litteris
779 1473 1107 1530 colebatur:
1153 1470 1299 1530 adeo
1323 1484 1386 1530 ut
1429 1471 1699 1530 accurate
1751 1472 1845 1530 ille
1895 1493 1968 1531 ex
2007 1474 2136 1532 ulti·
2181 1476 2254 1532 10

306 1565 415 1622 mis
445 1564 631 1639 terris,
661 1566 798 1641 quid
831 1578 1045 1642 ageret,
1075 1566 1210 1641 quid
1242 1586 1396 1624 curae
1420 1567 1530 1624 sibi
1554 1568 1813 1641 haberet,
1833 1569 2137 1627 certiorem

307 1662 527 1718 faceret
554 1660 838 1719 Atticum.
925 1661 1057 1719 Hoc
1086 1663 1252 1736 quale
1282 1662 1376 1735 sit,
1408 1661 1636 1720 facilius
1684 1663 2037 1722 existimabit
2066 1665 2132 1737 ie,

306 1756 404 1830 qui
429 1757 692 1832 judicare
722 1756 950 1832 poterit,
1000 1769 1227 1831 quantae
1278 1757 1352 1814 sit
1396 1757 1712 1833 sapientiae,
1762 1778 1960 1816 eorum
2007 1760 2138 1831 retiq

306 1871 447 1909 nere
500 1872 667 1909 usum
718 1852 1314 1928 benevolentiamque,
1369 1851 1518 1909 inter
1571 1872 1714 1927 quos
1758 1853 2138 1911 maximarum

306 1968 500 2007 rerum
530 1968 651 2005 non
681 1946 865 2006 solum
896 1947 1203 2020 aemulati0,
1233 1947 1336 2004 sed
1379 1947 1721 2005 obtrectatio
1763 1958 1924 2005 tanta
1966 1949 2139 2005 inter·
2184 1948 2257 2005 15

308 2043 575 2116 cedebat,
603 2054 880 2118 quantam
909 2042 1016 2100 fuit
1067 2041 1327 2099 incidere
1375 2061 1614 2099 necesse
1653 2041 1801 2101 inter
1846 2043 2138 2101 Caesarem

309 2150 479 2213 atque
535 2136 903 2209 Antonium3
972 2157 1147 2214 quum
1204 2156 1265 2195 se
1322 2148 1560 2213 uterque
1633 2137 1953 2215 principem
2025 2157 2140 2197 non

307 2231 496 2292 solum
527 2234 685 2291 urbis
713 2233 941 2306 Romae,
971 2234 1073 2291 sed
1097 2232 1251 2291 orbis
1278 2244 1561 2291 terrarum
1590 2253 1716 2291 esse
1746 2246 1999 2311 cuperet.

307 2381 310 2382 γ
392 2328 569 2386 XXI.
656 2328 794 2385 Tali
823 2329 993 2387 modo
1021 2349 1198 2405 quum
1228 2341 1448 2407 septem
1477 2341 1534 2387 et
1562 2330 1932 2407 septuaginta
1960 2350 2141 2389 annos

307 2424 680 2501 complesset,
712 2436 880 2500 atque
912 2425 980 2488 ad
1028 2436 1344 2482 extremam
1394 2436 1753 2483 senectutem
1783 2445 1900 2484 non
1949 2424 2143 2484 minus
2182 2426 2261 2485 20

310 2520 614 2596 dignitate,
644 2518 818 2594 quam
869 2520 1057 2596 gratia
1113 2519 1454 2595 fortunaque
1520 2519 1836 2591 crevisset3
1904 2519 2143 2598 (multas

309 2614 470 2673 enim
499 2615 865 2672 haereditates
893 2615 1053 2672 nulla
1084 2614 1195 2671 alia
1224 2634 1286 2672 re
1316 2612 1489 2690 quam
1519 2614 1775 2673 bonitate
1813 2627 1902 2673 est
1944 2635 2145 2674 conse-

308 2711 510 2789 cutus)
542 2711 819 2785 tantaque
866 2709 1242 2788 prosperitate
1286 2729 1426 2767 usus
1469 2721 1621 2767 esset
1665 2710 2031 2784 valetudiniS,
2080 2699 2145 2769 {it

312 2826 496 2864 annos
551 2805 790 2882 triginta
845 2805 1137 2862 medicina
1185 2825 1303 2862 non
1356 2803 1736 2882 indiguisset:
1796 2818 2003 2864 nactus
2058 2817 2145 2866 est

311 2902 597 2973 morbum,
627 2920 796 2976 quern
828 2900 991 2958 initio
1020 2912 1078 2958 et
1122 2900 1241 2976 ipse
1287 2911 1346 2957 et
1389 2900 1602 2957 medici
1652 2913 2142 2977 contempserunt.
2182 2902 2262 2960 25

314 2996 469 3054 Nam
518 2997 795 3071 putarunt
837 3015 965 3053 esse
1019 3006 1361 3063 tenesmon;
1406 2994 1502 3050 cui
1543 2995 1799 3051 remedia
1826 2996 2040 3052 celeria
2070 2996 2148 3054 fa-

312 3092 561 3167 ciliaque
589 3091 1072 3168 proponebantur.
1155 3087 1226 3144 In
1257 3089 1368 3145 hoc
1390 3107 1565 3162 quum
1595 3099 1712 3144 tres
1753 3107 1984 3145 menses
2021 3088 2146 3148 sine

316 3188 449 3245 ullis
478 3186 788 3258 doloribuS‚
817 3197 1197 3261 praeterquam
1225 3202 1368 3258 quos
1395 3201 1468 3239 ex
1516 3181 1815 3240 curatione
1859 3182 2144 3258 capiebat,

315 3280 804 3357 consumpsisset3
850 3278 1041 3337 subito
1072 3290 1235 3336 tanta
1272 3277 1357 3334 vis
1405 3277 1591 3334 morbi
1643 3276 1702 3333 in
1750 3297 1930 3334 unum
1974 3277 2147 3336 intes-

318 3379 504 3437 tinum
532 3375 809 3452 prorupit,
838 3387 904 3432 ut
931 3386 1187 3431 extremo
1226 3362 1484 3448 tempore
1532 3392 1635 3447 per
1681 3372 1909 3429 lumbos
1957 3372 2150 3431 fistula
2189 3373 2266 3430 30

318 3472 500 3549 putris
537 3471 808 3547 eruperit.
899 3469 1120 3546 [Atque
1165 3471 1276 3526 hoc
1323 3468 1656 3545 priusquam
1706 3468 1762 3525 ei
1806 3469 2145 3547 accideret‚]

316 3579 617 3645 postquam
648 3566 708 3622 in
738 3565 864 3623 dies
909 3566 1133 3622 dolores
1185 3582 1522 3621 accrescere
1578 3565 1909 3640 febremque
1958 3584 2152 3622 acces-

319 3663 463 3723 sisse
493 3663 692 3735 sensit,
724 3662 1045 3738 Agrippam
1075 3679 1357 3736 generum
1408 3660 1479 3717 ad
1509 3680 1570 3717 se
1602 3659 1816 3718 arcessi
1859 3659 2051 3735 jussit,
2093 3670 2151 3716 et
