2619 4349
355 380 437 439 24
1195 387 1596 436 LYSANDER.

476 548 562 605 sic
604 565 773 603 coena
811 545 865 602 ei
908 546 1281 621 coquebatur,
1322 557 1406 619 ut,
1448 565 1590 622 quos
1632 545 1928 604 invocatos
1970 545 2208 605 vidisset
2248 545 2311 604 in

479 644 620 713 fore,
658 660 861 700 omnes
889 641 1228 699 devocaret:
1269 642 1423 717 quod
1467 644 1659 700 facere
1702 643 1928 699 nullum
1972 642 2313 729 diem‘prae-

478 737 849 797 termittebat.
956 735 1122 793 Nulli
1144 736 1288 794 fides
1311 737 1457 812 ejus,
1482 737 1627 794 nulli
1647 756 1843 813 opera,
1869 737 2014 796 nulli
2036 756 2128 795 res
2151 736 2311 795 fami·

475 833 636 891 liaris
676 831 889 903 defuit3
939 833 1149 890 multos
1189 832 1594 908 locupletavit;
1663 833 1989 909 complures
2027 850 2311 909 pauperes

356 928 399 987 5
479 938 753 1000 mortuos,
815 926 936 1002 qui,
981 927 1137 985 unde
1180 927 1541 1002 efferrentur,
1598 947 1715 986 non
1773 928 2160 1004 reliquissent,
2205 945 2311 987 suo

476 1033 709 1098 sumptu
735 1021 957 1081 extulit.
1043 1022 1146 1080 Sic
1174 1041 1238 1080 se
1263 1022 1542 1100 gerend0,
1570 1019 1811 1081 minim&
1842 1034 1930 1082 est
1957 1021 2287 1080 mirandum

475 1117 528 1174 si
548 1128 608 1175 et
633 1116 751 1175 vita
777 1116 903 1193 ejus
932 1116 1039 1176 fuit
1066 1135 1292 1192 secura,
1320 1128 1381 1177 et
1406 1136 1561 1176 mors
1588 1117 1815 1176 acerba.

1005 1510 1112 1569 VI.
1182 1509 1778 1570 LYSANDER.

555 1681 605 1740 1.
688 1683 1020 1759 Lysander,
1064 1683 1558 1758 Lacedccmonius,
1617 1704 1889 1762 magnam
1938 1683 2169 1760 reliquit
2215 1684 2307 1743 sui

477 1777 711 1852 famam,
741 1779 926 1856 magis
955 1780 1231 1838 felicitate
1271 1777 1445 1856 quam
1486 1780 1696 1839 virtute
1737 1791 1978 1857 partam.
2062 1779 2309 1838 Atheni·

362 1873 437 1931 10
477 1892 648 1931 enses
689 1874 845 1932 enim
894 1875 954 1932 in
1003 1875 1456 1952 Peloponnesios
1503 1886 1666 1934 sexto
1720 1886 1779 1934 et
1836 1875 2109 1933 vicesimo
2154 1895 2307 1935 anno

476 1969 692 2026 bellum
745 1982 1016 2046 gerentes
1063 1970 1387 2029 confecisse
1436 1982 1688 2046 apparet.
1796 1969 1866 2027 Id
1920 1971 2035 2045 qua
2082 1972 2305 2031 ratione

474 2077 825 2122 consecutus
869 2065 962 2137 sit,
992 2066 1146 2124 latet.
1231 2064 1371 2124 Non
1409 2065 1566 2123 enim
1608 2065 1818 2124 virtute
1861 2066 1950 2123 sui
1994 2066 2305 2141 exercitiis,

475 2161 577 2218 sed
628 2161 992 2219 immodestia
1045 2162 1265 2221 factum
1319 2173 1410 2221 est
1465 2162 1941 2239 adversariorum,
1986 2166 2105 2242 qui,
2148 2163 2303 2243 quod

474 2255 633 2313 dicto
662 2255 963 2313 audientes
1008 2255 1451 2332 imperatoribus
1492 2257 1613 2316 suis
1655 2278 1772 2318 non
1817 2273 2005 2334 erant,
2035 2262 2302 2340 dispalati

360 2349 436 2406 15
478 2348 535 2405 in
557 2348 729 2425 agri3‚
774 2349 993 2407 relictis
1020 2351 1265 2408 navibus
1287 2351 1348 2408 in
1372 2352 1623 2411 hostium
1645 2368 1927 2415 venerunt
1945 2368 2302 2433 potestatem.

471 2442 614 2504 Quo
663 2444 816 2501 facto
867 2444 1262 2504 Athenienses
1311 2464 1374 2503 se
1429 2446 1892 2509 Lacedaemoniis
1938 2453 2302 2512 dediderunt.

474 2537 610 2596 Hac
638 2537 878 2596 victoria
906 2538 1207 2615 Lysander
1234 2541 1443 2614 elatuS,
1472 2561 1650 2618 quum
1681 2557 1853 2603 antea
1889 2566 2115 2625 semper
2143 2548 2305 2607 facti-

470 2652 606 2691 osus
636 2632 937 2709 audaxque
968 2634 1187 2707 fuisset,
1217 2636 1302 2693 sic
1332 2636 1442 2695 sibi
1481 2637 1738 2714 indulsit,
1768 2653 1832 2699 ut
1874 2642 2000 2719 ejus
2042 2645 2217 2720 opera
2244 2645 2304 2703 in

472 2725 788 2786 maximum
855 2728 1053 2786 odium
1107 2730 1354 2789 Groeciae
1422 2733 1854 2795 Lacedaemonii
1920 2738 2304 2813 pervenerint.

351 2826 433 2883 20
472 2822 630 2881 Nam
657 2842 833 2899 quum
863 2824 1017 2881 hanc
1046 2844 1282 2884 causam
1312 2828 1743 2889 Lacedaemonii
1788 2830 2153 2890 dictitassent
2195 2834 2304 2893 sibi

470 2938 598 2977 esse
640 2918 797 2991 belli,
832 2929 897 2977 ut
937 2919 1390 2980 Atheniensium
1433 2923 1806 3001 impotentem
1848 2924 2301 2987 dominationem

469 3013 873 3090 refringerent,
927 3026 1230 3091 postquam
1286 3018 1439 3094 apud
1489 3018 1674 3096 AEgos
1727 3017 1941 3075 flumen
1998 3020 2301 3095 Lysander

470 3109 673 3167 classis
701 3109 953 3168 hostium
983 3121 1072 3169 est
1096 3112 1335 3187 potituS‚
1367 3113 1513 3170 nihil
1545 3114 1700 3170 aliud
1729 3113 1961 3171 molitus
1988 3126 2095 3188 est,
2126 3111 2300 3190 quam

469 3215 534 3263 ut
560 3223 762 3263 omnes
785 3204 1048 3264 civitates
1077 3206 1136 3263 in
1166 3206 1271 3263 sua
1320 3217 1544 3264 teneret
1580 3217 1883 3282 potestate,
1912 3227 2090 3283 quum
2129 3209 2187 3267 id
2237 3229 2300 3268 sa

349 3299 431 3356 25
471 3300 1045 3358 Lacedaemoniorum
1113 3300 1292 3358 causa
1360 3300 1553 3357 facere
1619 3299 1932 3360 simularet.
2032 3303 2302 3380 Namque

469 3396 745 3471 undique,
794 3395 892 3471 qui
937 3394 1387 3453 Atheniensium
1432 3394 1605 3452 rebus
1652 3395 2029 3473 studuissent,
2072 3399 2298 3477 ejectis,

469 3490 673 3548 decem
703 3491 997 3566 delegerat
1025 3489 1083 3545 in
1115 3488 1461 3564 unaquaque
1490 3488 1743 3565 civitate,
1772 3491 1981 3568 quibus
2008 3514 2299 3555 summum

470 3584 773 3661 imperium
830 3594 1286 3661 potestatemque
1339 3585 1599 3645 omnium
1646 3606 1839 3647 rerum
1894 3591 2298 3651 committeret.
