2619 4349
366 458 369 461 -
392 423 472 482 42
1267 429 1462 480 DION.

509 589 769 667 gationes
797 587 952 663 vero,
981 608 1107 665 quae
1156 601 1352 647 essent
1400 588 1756 661 illustriores,
1797 607 1899 664 per
1936 588 2188 647 Dionem
2234 588 2333 646 ad·

507 684 1015 754 ministrabantur3
1078 703 1221 759 quas
1267 683 1500 759 quidem
1550 683 1646 741 ille
1689 682 1996 760 diligenter
2038 685 2329 758 obeundo,

505 780 752 838 fideliter
800 779 1275 851 administrandO,
1325 779 1788 837 crudelissimum
1836 798 2050 837 nomen
2098 779 2330 854 tyranni

507 876 614 932 sua
644 875 1000 934 humanitate
1024 875 1272 951 tegebat.
1357 874 1538 931 Hunc
1562 892 1595 930 a
1623 873 1905 949 Dionysio
1928 874 2166 931 missum
2189 875 2331 932 Car-

423 971 464 1027 5
504 969 902 1046 thaginienses
935 981 1338 1045 suspexerunt,
1383 981 1447 1027 ut
1484 968 1778 1026 neminem
1823 988 2076 1045 unquam
2121 969 2330 1026 Graeczi

502 1065 704 1141 lingua
731 1066 1058 1140 loquentem
1090 1065 1275 1141 magis
1303 1064 1420 1122 sint
1449 1064 1730 1122 admirati.

583 1158 665 1217 II.
747 1159 956 1236 Neque
1006 1157 1141 1217 vero
1197 1161 1324 1217 haec
1366 1159 1713 1235 Dionysium
1757 1159 2074 1235 fugiebant.
2172 1159 2329 1219 Nam

501 1268 718 1329 quanto
738 1267 891 1312 esset
920 1255 1030 1311 sibi
1057 1266 1418 1327 ornamento,
1458 1254 1762 1312 sentiebat.
1843 1254 1986 1316 Quo
2027 1253 2220 1326 fiebat,
2265 1267 2331 1314 ut

502 1349 607 1405 uni
636 1349 773 1406 huic
802 1347 1053 1405 maxime
1086 1349 1433 1424 indulgeret,
1464 1368 1653 1424 neque
1680 1368 1815 1406 eum
1859 1367 2029 1406 secus
2061 1349 2330 1424 diligeret

358 1436 464 1501 ‘10
506 1463 577 1501 ac
630 1444 830 1501 filium.
911 1443 1037 1504 Qui
1093 1443 1349 1517 quidem,
1404 1463 1603 1517 quum,
1653 1444 1952 1502 Platonem
2001 1443 2328 1501 Tarentum

503 1537 750 1609 venisse,
808 1539 961 1595 sama
1008 1537 1067 1593 in
1126 1536 1388 1594 Siciliam
1454 1549 1608 1595 esset
1675 1539 1916 1613 perlata,
1973 1538 2330 1596 adolescenti

504 1651 720 1707 negare
774 1651 890 1688 non
934 1631 1137 1707 potuit,
1181 1630 1321 1706 quin
1371 1649 1505 1688 eum
1557 1643 1894 1704 arcesseret,
1942 1651 2120 1707 quum
2170 1632 2328 1691 Dion

502 1727 629 1802 ejus
685 1725 958 1783 audiendi
1013 1725 1332 1800 cupiditate
1390 1725 1675 1801 flagraret.
1779 1725 1958 1784 Dedit
2005 1746 2145 1802 ergo
2191 1727 2330 1785 huic

502 1821 751 1893 veniam,
781 1821 1106 1897 magnaque
1136 1840 1269 1878 eum
1321 1819 1636 1878 ambitione
1680 1821 1999 1896 Syracusas
2042 1821 2327 1896 perduxit,

388 1917 463 1974 15
501 1915 701 1978 Quem
730 1915 886 1997 Dion
917 1914 1062 1972 adeo
1095 1915 1411 1972 admiratus
1459 1927 1548 1973 est
1598 1927 1767 1990 atque
1808 1916 2117 1987 adamavit,
2166 1929 2230 1973 ut
2265 1936 2330 1974 se

500 2023 684 2071 totum
708 2011 763 2069 ei
791 2012 1058 2069 traderet.
1142 2011 1351 2086 Neque
1379 2009 1515 2068 vero
1565 2011 1731 2069 Plato
1772 2009 1967 2069 minus
2010 2012 2332 2071 delectatus

499 2119 590 2166 est
616 2106 826 2164 Dione.
908 2105 1114 2182 Itaque
1141 2125 1318 2182 quum
1349 2124 1384 2162 a
1411 2105 1694 2182 Dionysio
1736 2118 1982 2183 tyranno
2019 2108 2331 2165 crudeliter

499 2204 744 2262 violatus
764 2214 936 2275 esset,
964 2201 1174 2277 quippe
1216 2220 1388 2277 quem
1432 2202 1753 2259 venundari
1795 2202 2080 2276 jussisset,
2134 2214 2330 2261 tamen

500 2295 708 2355 eodem
731 2296 923 2368 rediit,
951 2296 1213 2372 ejusdem
1242 2295 1454 2354 Dionis
1480 2296 1753 2372 precibus
1782 2298 2087 2356 adductuS.
2173 2298 2331 2357 Inte-

383 2392 464 2450 20
503 2391 611 2451 rim
659 2391 719 2448 in
775 2391 1035 2449 morbum
1085 2390 1293 2448 incidit
1342 2391 1676 2468 Dionysius,
1759 2392 1901 2454 Quo
1940 2391 2119 2468 quum
2167 2395 2330 2470 gravi

504 2486 952 2559 conflictaretur,
981 2486 1243 2563 quaesivit
1282 2506 1317 2544 a
1358 2488 1602 2546 medicis
1646 2488 1823 2562 Dion,
1872 2490 2331 2565 quemadmodum

503 2602 560 2641 se
587 2583 817 2640 haberet
836 2585 862 2638 ‚²
905 2582 1189 2658 simulque
1221 2583 1294 2639 ab
1323 2583 1414 2640 his
1439 2583 1627 2660 petiit,
1655 2582 1891 2659 sisorte
1938 2584 2146 2660 mqjori
2189 2594 2332 2641 esset

492 2678 772 2755 periculo,
801 2686 867 2734 ut
893 2675 1376 2752 sibisaterentur.
1459 2679 1616 2736 Nam
1643 2680 1780 2737 velle
1808 2700 1865 2736 se
1892 2700 2016 2736 cum
2063 2700 2124 2738 eo
2168 2680 2332 2737 collo-

504 2773 606 2849 qui
632 2773 699 2830 de
714 2773 1027 2850 partiendo
1055 2767 1232 2847 regno
1253 2794 1274 2827 .-
1316 2772 1472 2847 quod
1500 2773 1710 2831 sororis
1759 2792 1876 2829 suae
1921 2774 2070 2832 filios
2118 2793 2192 2831 ex
2233 2775 2331 2832 illo

384 2867 467 2927 25
505 2859 672 2927 natos
691 2880 912 2944 partem
956 2867 1123 2943 regni
1167 2868 1408 2943 putabat
1448 2868 1659 2924 debere
1704 2868 1933 2925 habere.
2017 2867 2088 2924 Id
2118 2869 2331 2926 medici

504 2982 621 3021 non
648 2974 978 3035 tacuerunt,
1006 2974 1066 3021 et
1099 2963 1170 3019 ad
1213 2962 1558 3037 Dionysium
1603 2962 1784 3020 filium
1826 2980 2149 3019 sermonem
2178 2975 2332 3022 retu-

503 3058 713 3117 lerunt.
793 3058 936 3121 Quo
964 3058 1059 3115 ille
1107 3069 1448 3128 commotuS,
1499 3076 1575 3113 ne
1618 3055 1829 3131 agendi
1878 3075 2013 3111 cum
2063 3075 2135 3111 eo
2176 3070 2333 3114 esset

505 3152 686 3211 Dioni
713 3164 985 3228 potestaS,
1012 3152 1160 3227 patri
1184 3170 1445 3226 soporem
1465 3150 1719 3208 medicos
1741 3150 1879 3205 dare
1898 3149 2110 3225 coegit.
2195 3149 2331 3208 Hoc

507 3266 661 3323 aeger
689 3258 937 3322 sumpt0‚
967 3258 1028 3304 ut
1058 3264 1259 3302 somno
1283 3245 1523 3320 sopitus,
1553 3244 1706 3302 diem
1729 3243 1873 3302 obiit
1910 3263 2260 3320 supremum.

380 3343 468 3401 30
584 3339 702 3398 111.
785 3341 938 3398 Tale
969 3339 1197 3397 initium
1226 3340 1335 3398 fuit
1362 3339 1570 3422 Dionis
1597 3351 1654 3398 et
1684 3339 1948 3413 Dionysii
1998 3339 2329 3413 simultatis,

496 3454 690 3511 eaque
717 3435 914 3494 multis
940 3436 1113 3493 rebus
1141 3446 1313 3493 aucta
1351 3447 1454 3493 est.
1542 3436 1660 3492 Sed
1704 3448 1898 3493 tamen
1943 3435 2144 3511 primis
2189 3447 2333 3492 tem-

500 3530 742 3607 poribus
772 3528 1105 3605 aliquandiu
1135 3528 1406 3588 simulata
1453 3529 1601 3588 inter
1649 3551 1749 3589 eos
1795 3529 2050 3588 amicitia
2095 3530 2325 3590 mansit.
2361 3601 2367 3605 ,

504 3623 825 3701 Quumque
867 3624 1022 3684 Dion
1061 3644 1177 3683 non
1205 3624 1508 3696 desisteret
1534 3625 1839 3683 obsecrare
1869 3624 2235 3700 Dionysium,
2263 3640 2328 3685 ut
