2619 4349
332 380 375 439 4
1148 386 1568 435 MILTIADES.

452 545 756 606 adversum
804 557 965 605 tenet
1013 546 1265 605 Athenis
1313 545 1833 624 proficiscentibus.
1937 545 2259 621 Miltiades,

450 642 715 701 morandi
738 653 964 718 tempus
993 661 1108 700 non
1139 643 1383 715 habenS,
1425 661 1659 700 cursum
1688 641 1899 701 direxit
1924 640 2037 717 quo
2066 643 2265 701 tende-

452 739 569 813 bat,
593 739 965 815 pervenitque
995 739 1444 797 Chersonesum.

531 833 612 891 ΙΙ.
697 833 790 891 Ibi
838 834 996 892 brevi
1045 846 1300 910 tempore
1339 836 1715 892 barbarorum
1759 833 1942 910 copiis
1984 833 2262 910 disjectiS,

371 932 412 989 5
449 930 570 990 tota
597 929 854 1006 regione,
883 949 1056 1004 quam
1083 928 1349 1005 petierat,
1378 929 1615 1006 potituS,
1638 929 1768 988 loca
1785 928 2038 987 castellis
2057 929 2266 987 idonea

451 1025 860 1085 communivit:
924 1024 1376 1098 multitudinem,
1420 1044 1593 1100 quam
1642 1043 1842 1082 secum
1892 1025 2155 1096 duxerat,
2203 1024 2263 1081 in

452 1121 605 1198 agris
647 1120 969 1193 collocavit,
1008 1120 1343 1197 crebrisque
1389 1120 1833 1179 excursionibus
1875 1119 2263 1196 locupletavit.

452 1216 659 1293 Neque
688 1214 882 1274 minus
904 1215 963 1274 in
987 1216 1058 1274 ea
1085 1236 1147 1273 re
1175 1217 1483 1292 prudentia
1523 1214 1696 1292 quam
1736 1216 2011 1275 felicitate
2036 1215 2266 1291 adjutus

453 1324 558 1372 est.
657 1313 813 1370 Nam
854 1331 1031 1387 quum
1085 1312 1292 1370 virtute
1349 1312 1597 1371 militum
1652 1312 1903 1370 hostium
1955 1311 2265 1370 devicisset

340 1411 414 1469 10
454 1409 764 1483 exercitu3‚
815 1408 1040 1466 summa
1095 1408 1366 1484 aequitate
1419 1428 1513 1466 res
1561 1408 1881 1482 constituit,
1933 1420 2103 1484 atque
2144 1408 2265 1484 ipsc

455 1505 668 1563 ibidem
698 1523 932 1562 manere
961 1504 1235 1562 decrevit.
1320 1504 1462 1563 Erat
1484 1504 1640 1561 enim
1671 1503 1820 1563 inter
1848 1524 1947 1562 eos
1982 1503 2266 1580 dignitate

453 1601 636 1678 regia,
665 1600 926 1676 quamvis
947 1601 1183 1658 carebat
1199 1600 1469 1670 nomine3
1514 1619 1700 1675 neque
1719 1599 1779 1656 id
1801 1599 1986 1675 magis
2005 1598 2265 1676 imperi0,

454 1694 627 1772 quam
651 1696 894 1772 justitia,
924 1706 1293 1753 consecutus
1376 1694 1587 1770 Neque
1614 1693 1686 1753 eo
1716 1693 1910 1752 secius
1943 1694 2268 1754 Athenien-

456 1793 635 1864 sibus,
656 1810 689 1849 a
704 1791 912 1866 quibus
929 1802 1052 1849 erat
1072 1791 1387 1867 profectus,
1409 1789 1602 1848 officia
1619 1790 1946 1865 praestabat.
2028 1789 2268 1852 Quibus

342 1889 415 1947 15
455 1887 627 1944 rebus
655 1887 847 1960 fiebat,
894 1898 957 1943 ut
1000 1904 1117 1943 non
1161 1883 1358 1944 minus
1403 1903 1605 1944 eorum
1646 1885 1940 1943 voluntate
1986 1883 2266 1961 perpetuo

454 1982 759 2058 imperium
786 1981 1095 2054 obtineret,
1138 1980 1236 2056 qui
1280 1980 1580 2054 miserant,
1623 1977 1796 2055 quam
1844 1980 2092 2053 illorum,
2132 1999 2268 2041 cum

453 2078 663 2153 quibus
682 2088 806 2136 erat
832 2077 1596 2154 profectus—Chersoneso
1622 2075 1724 2135 tali
1745 2076 1917 2135 modo
1933 2075 2267 2150 constituta,

454 2172 742 2232 Lemnum
771 2171 1091 2244 revertitur,
1121 2184 1179 2230 et
1205 2192 1278 2230 ex
1304 2183 1479 2247 pacto
1503 2171 1775 2248 postulat,
1805 2183 1869 2230 ut
1910 2170 2023 2230 sibi
2064 2172 2267 2230 urbem

454 2268 701 2326 tradant.
785 2267 881 2324 Illi
903 2266 1059 2324 euim
1102 2267 1392 2340 dixerant,
1436 2286 1614 2342 quum
1657 2278 1832 2325 vento
1871 2267 2047 2326 borea
2096 2269 2270 2329 domo

334 2364 416 2422 20
453 2364 746 2440 profectus
773 2360 845 2420 eo
873 2362 1248 2438 pervenisset,
1277 2382 1411 2421 sese
1453 2363 1785 2434 dedituros3
1829 2384 1892 2422 se
1934 2376 2127 2423 autem
2174 2366 2272 2424 do-

455 2478 616 2515 mum
666 2458 1019 2516 Chersonesi
1061 2459 1294 2517 habere.
1398 2459 1602 2533 Cares,
1655 2460 1755 2536 qui
1808 2471 1934 2519 tum
1980 2461 2268 2518 Lemnum

456 2553 809 2627 incolebant,
833 2553 942 2612 etsi
967 2565 1174 2630 praeter
1215 2554 1551 2631 opinionem
1598 2576 1692 2614 res
1727 2556 2043 2628 ceciderat,
2070 2568 2288 2613 tamen-

455 2668 574 2707 non
622 2649 799 2721 dicto,
856 2651 958 2706 sed
1000 2651 1262 2710 secunda
1315 2652 1543 2710 fortuna
1594 2652 2045 2709 adversariorum
2091 2652 2267 2727 capti,

455 2744 722 2802 resistere
753 2744 877 2802 ausi
911 2765 1029 2803 non
1073 2758 1227 2819 sunt,
1275 2758 1445 2821 atque
1489 2766 1562 2802 ex
1611 2746 1801 2802 insula
1849 2745 2265 2819 demigrarunt.

336 2840 416 2898 25
457 2839 590 2897 Pari
616 2839 889 2898 felicitate
906 2851 1135 2899 caeteras
1157 2842 1395 2915 insulem,
1418 2860 1545 2915 quae
1570 2840 1857 2915 Cyclades
1875 2840 2267 2914 nominantur,

457 2936 566 2992 sub
594 2935 1047 3016 Atheniensium
1075 2936 1299 3011 redegit
1328 2946 1687 3011 potestatem.
1737 2921 1740 2924 ¹

535 3031 650 3090 III.
734 3031 972 3090 Eisdem
1021 3032 1375 3107 temporibus
1424 3032 1727 3088 Persarum
1772 3048 1876 3087 rex
1917 3029 2151 3103 Darius,
2196 3051 2269 3089 ex

457 3127 605 3185 Asia
621 3127 682 3186 in
700 3127 992 3201 Europam
1009 3126 1269 3184 exercitu
1289 3127 1549 3200 trajecto,
1571 3124 1805 3199 Scythis
1824 3124 2039 3181 bellurn
2057 3126 2268 3184 inferre

457 3222 730 3280 dec-revit.
815 3222 1061 3278 Pontem
1093 3221 1229 3278 fecit
1258 3221 1319 3277 in
1365 3221 1566 3277 Histro
1611 3220 1869 3292 flumine,
1919 3219 2034 3296 qua
2072 3222 2269 3297 copias

337 3318 417 3376 30
456 3318 803 3376 traduceret.
904 3317 1048 3393 Ejus
1086 3316 1303 3392 pontis»,
1351 3317 1489 3373 dum
1539 3316 1662 3392 ipse
1706 3316 1953 3390 abesset,
1999 3320 2270 3377 custodes

454 3412 685 3487 reliquit
709 3412 1024 3487 principeS,
1054 3431 1197 3486 quos
1227 3430 1426 3468 secum
1455 3431 1528 3469 ex
1558 3411 1727 3470 Ionia
1747 3424 1807 3470 et
1850 3412 2081 3471 AEolide
2128 3416 2269 3472 ‘lux-

456 3519 617 3577 erat3
660 3506 869 3582 quibus
892 3506 1136 3582 singulis
1167 3507 1418 3583 ipsarum
1449 3508 1679 3565 urbium
1707 3520 1984 3584 perpetua
2028 3510 2269 3569 dederat

457 3603 712 3680 imperia.
799 3603 901 3661 Sic
929 3603 1083 3661 enirn
1126 3604 1347 3680 putavit
1389 3602 1661 3663 facillime
1705 3625 1769 3662 se
1808 3605 2017 3662 Graeca
2064 3606 2268 3682 lingua
