2619 4349
357 407 469 466 100
1194 416 1587 467 HANNIBAL.

468 596 756 654 nunquam
809 597 890 635 me
943 580 1005 634 in
1048 577 1309 636 amiciti&
1354 599 1476 635 cum
1516 577 1801 635 Romanis
1839 576 1998 654 fore.
2083 577 2167 635 Id
2201 571 2310 654 ego

466 671 902 748 jusjurandum,
946 673 1122 749 patri
1168 673 1386 745 datum,
1428 693 1603 749 usque
1644 673 1727 730 ad
1763 673 1910 730 hanc
1952 681 2174 730 (etatem
2215 675 2308 730 ita

468 770 814 842 conservavi,
857 777 920 826 ut
960 769 1171 826 nemini
1211 768 1442 826 dubium
1484 789 1597 826 esse
1638 768 1856 842 debeat,
1900 770 2041 845 quin
2082 769 2304 844 reliquo

467 871 710 941 tempore
739 864 926 922 effidem
956 873 1129 922 mente
1158 865 1263 921 sim
1282 863 1554 940 futurus.
1646 865 1849 932 Quare
1877 866 1930 921 si
1958 865 2103 941 quid
2126 863 2307 923 amic&

387 958 429 1016 5
466 957 534 1017 de
588 959 875 1017 Romanis
931 960 1235 1034 cogitabiS,
1280 979 1392 1016 non
1432 959 1819 1036 imprudenter
1842 957 2088 1035 feceris,
2132 961 2184 1016 si
2223 979 2307 1017 me

468 1053 690 1111 celaris.
783 1055 977 1123 Quum
1019 1055 1241 1131 quidem
1283 1055 1481 1112 bellum
1510 1055 1783 1131 parabiS,
1823 1063 1879 1113 te
1920 1056 2106 1131 ipsum
2128 1054 2304 1131 frus-

469 1150 737 1224 traberiS,
767 1151 819 1207 si
840 1170 951 1209 non
978 1170 1059 1208 me
1087 1151 1149 1206 in
1179 1170 1239 1208 eo
1256 1150 1582 1226 principem
1599 1151 1884 1226 posueris,

548 1246 665 1306 ΙΙΙ.
751 1247 886 1303 Hac
930 1246 1124 1322 igitur,
1167 1246 1281 1321 qua
1325 1245 1595 1318 diximuS,
1632 1257 1820 1318 aetate,
1864 1265 1997 1303 cum
2038 1257 2200 1322 patre
2244 1246 2303 1304 in

470 1342 818 1418 Hispaniam
860 1343 1152 1418 profectus
1193 1352 1315 1399 est:
1382 1341 1549 1417 eujus
1589 1352 1718 1416 post
1757 1340 1999 1413 obitum,
2044 1341 2307 1398 Hasdru·

355 1437 429 1495 10
471 1437 601 1495 bale
638 1437 977 1514 imperatore
1007 1437 1269 1508 suffectO,
1314 1435 1597 1511 equitatui
1638 1436 1797 1493 omni
1838 1436 2082 1512 praefuit.
2170 1437 2305 1494 Hoc

468 1552 695 1609 quoque
753 1532 1056 1590 interfecto
1111 1530 1401 1590 exercitus
1457 1549 1742 1589 summam
1785 1531 2010 1607 imperii
2054 1533 2122 1589 ad
2167 1551 2304 1589 eum

470 1628 692 1687 detulit.
797 1628 869 1685 Id
911 1627 1330 1704 Carthaginem
1373 1628 1648 1699 delatum,
1690 1624 1925 1702 publice
1970 1627 2306 1703 comproba-

468 1736 590 1782 tum
620 1735 723 1782 est.
810 1722 910 1780 Sic
954 1723 1252 1780 Hannibal
1294 1722 1482 1780 minor
1522 1722 1775 1797 quinque
1804 1733 1860 1780 et
1890 1721 2094 1798 viginti
2135 1723 2305 1780 annis

352 1848 383 1865 ι
470 1832 641 1878 natus
691 1820 1000 1896 imperator
1050 1820 1257 1892 factm,
1305 1818 1566 1894 proximo
1621 1817 1872 1875 triennio
1918 1837 2120 1875 omnes
2164 1837 2304 1894 gen-

355 1917 429 1975 15
469 1928 557 1975 tes
612 1914 912 1993 Hispaniae
969 1915 1120 1972 bello
1175 1913 1421 1990 subegit.
1559 1914 1907 1989 Saguntum,
1965 1913 2304 1971 foederatam

469 2011 784 2085 civitatem,
813 2011 868 2068 vi
902 2009 1295 2086 expugnavit:
1339 2021 1453 2068 tres
1494 2008 1783 2066 exercitus
1826 2008 2107 2066 maximos
2148 2000 2305 2068 ccm-

467 2109 707 2187 paravit.
791 2108 883 2166 Ex
923 2108 1014 2165 his
1056 2128 1237 2165 unum
1280 2107 1339 2164 in
1371 2107 1633 2166 Africam
1674 2107 1851 2181 misit,
1882 2108 2122 2166 alterum
2166 2127 2304 2166 curn

469 2206 838 2263 Hasdrubale
881 2206 1053 2264 fratre
1096 2204 1155 2261 in
1201 2204 1489 2281 Hispania
1530 2203 1779 2279 reliquit,
1822 2204 2054 2262 tertium
2098 2205 2157 2262 in
2187 2205 2305 2263 Ita-

466 2301 605 2358 liam
647 2320 844 2359 secum
887 2299 1069 2358 duxit.
1156 2299 1381 2359 Saltum
1422 2300 1767 2375 Pyrenaeum
1808 2300 2054 2358 transiit.
2135 2298 2304 2363 Qua-

350 2398 430 2457 20
471 2417 700 2473 cunque
743 2397 851 2455 iter
892 2396 1051 2469 fecit,
1082 2415 1217 2453 cum
1257 2396 1527 2453 omnibus
1569 2394 1776 2453 incolis
1804 2395 2098 2466 conflixit3
2141 2415 2304 2453 nem-

469 2494 646 2567 inem,
677 2492 789 2551 nisi
818 2493 1055 2565 victum,
1086 2490 1321 2550 dimisit.
1385 2492 1480 2547 Ad
1512 2491 1694 2567 Alpes
1720 2503 2093 2568 posteaquam
2122 2492 2302 2566 venit,

468 2609 595 2665 quae
641 2588 872 2648 Italiam
918 2589 991 2646 ab
1035 2587 1227 2645 Gallia
1275 2588 1609 2663 sejungunt,
1639 2606 1781 2662 quas
1831 2607 2003 2645 nemo
2045 2606 2301 2663 unquam

469 2705 602 2743 cum
633 2684 891 2743 exercitu
922 2696 1055 2741 ante
1079 2703 1233 2757 eum,
1255 2695 1462 2759 praeter
1480 2682 1800 2740 Herculem
1828 2683 2091 2756 Graium,
2121 2695 2304 2751 trans-

469 2779 615 2837 ierat
667 2778 806 2856 (quo
863 2779 1015 2836 facto
1070 2779 1119 2835 is
1174 2778 1347 2835 hodie
1403 2779 1582 2836 saltus
1637 2778 1849 2835 Graius
1907 2780 2297 2857 appellatur):

348 2876 428 2933 25
471 2875 712 2951 Alpicos
762 2885 1042 2932 conantes
1089 2873 1394 2949 prohibere
1439 2873 1684 2932 transitu
1729 2873 2005 2947 concidit,
2034 2875 2165 2932 loca
2206 2878 2305 2951 pa‘-

467 2970 686 3043 tefecit,
731 2968 937 3027 itinera
979 2969 1209 3041 muniit,
1254 2969 1449 3027 effecit
1496 2967 1686 3048 [que]‚
1736 2981 1801 3027 ut
1847 2966 1918 3026 ea
1960 2971 2305 3046 elephantus

467 3078 705 3126 ornatus
756 3065 838 3123 ire
881 3077 1095 3142 posset,
1147 3062 1260 3140 qua
1308 3077 1479 3123 antea
1522 3085 1673 3122 unus
1718 3066 1889 3123 homo
1931 3065 2168 3123 inermis
2208 3067 2309 3125 vix

467 3174 691 3239 poterat
745 3181 962 3238 repere.
1073 3157 1208 3217 Hac
1264 3160 1461 3237 copias
1518 3161 1792 3233 traduxit,
1845 3160 1903 3218 in
1959 3160 2305 3237 Italiamque

467 3257 746 3335 pervenit.

352 3354 431 3413 30
550 3353 658 3411 IV.
742 3352 1098 3411 Conflixerat
1145 3352 1292 3427 apud
1346 3351 1704 3409 Rhodanum
1749 3370 1884 3409 cum
1932 3352 1996 3409 P.
2029 3352 2307 3430 Cornelio

472 3448 770 3525 Scipione,
801 3448 1076 3520 Consule,
1108 3465 1355 3521 eumque
1384 3447 1698 3522 pepulerat.
1784 3447 1935 3504 Cum
1964 3448 2075 3505 hoc
2099 3448 2305 3504 eodem

471 3546 543 3602 de
589 3542 872 3602 Clastidio
921 3543 1073 3617 apud
1117 3542 1342 3598 Padum
1388 3541 1683 3599 decernit:
1743 3542 2007 3599 saucium
2053 3541 2190 3599 inde
2237 3562 2306 3601 ac

471 3642 731 3717 fugatum
762 3636 1014 3695 dimittit.
1099 3635 1305 3694 Tertio
1338 3634 1489 3693 idem
1523 3636 1721 3713 Scipio
1749 3656 1882 3695 cum
1935 3637 2159 3714 collega
2201 3636 2309 3696 Ti-
