2619 4349
1060 427 1415 477 sumnus.
2199 421 2281 483 87

325 584 432 644 sed
449 583 513 644 eo*
546 604 658 642 non
685 584 925 658 accidit,
953 583 1113 662 quod
1135 606 1423 663 nunquam
1452 607 1574 644 cum
1585 586 1844 663 fortiore
1871 608 1989 645 sum
2036 608 2161 646 con-

319 699 574 755 gressus.
658 680 797 737 Non
824 682 969 738 enim
997 702 1119 740 cum
1147 702 1430 758 quoquam
1479 704 1645 741 arma
1673 686 1907 757 contuli,
1940 686 2076 761 quin
2109 687 2158 743 is

324 777 467 833 milti
492 776 869 834 succubuerit.
952 777 1091 834 Non
1118 779 1264 835 enim
1291 779 1508 836 virtute
1535 780 1799 852 hostium,
1827 781 1928 837 sed
1958 782 2161 838 amico·

324 871 719 948 runpcrfidici
747 871 953 931 decidi.
1036 872 1245 948 Neque
1277 873 1334 930 id
1366 875 1590 932 falsum.
1674 874 1828 932 Nam
1872 887 1931 933 et
1973 876 2160 951 digni-

323 979 443 1026 tate
472 967 580 1026 suit
601 968 846 1026 honesta
872 978 932 1027 et
960 967 1178 1026 viribus
1209 970 1279 1027 ad
1309 970 1566 1027 laborem
1611 971 1915 1027 ferendum
1957 971 2158 1044 firmis,
2200 974 2240 1030 5

324 1082 512 1138 neque
540 1074 659 1121 tam
689 1082 901 1138 magno
927 1083 1185 1139 corpore,
1209 1063 1382 1139 quam
1412 1066 1597 1141 figura
1629 1067 1889 1123 venusta.

405 1158 551 1215 XII.
636 1159 727 1215 De
758 1160 868 1216 hoc
893 1160 1247 1235 AntigonuS,
1277 1179 1455 1235 quum
1484 1161 1639 1217 solus
1669 1161 2020 1218 constituere
2045 1181 2159 1218 non

325 1255 583 1326 auderet,
615 1255 687 1312 ad
716 1255 1023 1313 consilium
1057 1256 1270 1314 retulit.
1357 1254 1474 1313 Hic
1514 1275 1690 1331 quum
1739 1256 2000 1332 plerique
2041 1275 2160 1313 om·

324 1369 430 1407 nes
456 1349 642 1426 primo
670 1351 987 1427 perturbati
1017 1351 1458 1423 admirarentur,
1483 1371 1599 1410 non
1626 1352 1744 1427 jam
1776 1352 1848 1408 de
1872 1371 1942 1408 eo
1971 1370 2162 1427 sump-

323 1458 448 1504 tum
478 1466 605 1504 esse
628 1446 995 1523 supplicium,
1025 1467 1059 1504 a
1085 1466 1198 1521 quo
1229 1458 1312 1506 tot
1342 1466 1524 1504 annos
1571 1444 1719 1504 adeo
1767 1458 1963 1504 essent
2006 1444 2158 1504 male
2207 1447 2279 1505 10

326 1542 530 1615 habiti,
561 1555 624 1601 ut
647 1541 800 1618 saepe
831 1544 902 1599 ad
939 1542 1402 1619 desperationem
1443 1544 1630 1601 forent
1671 1541 1927 1614 adducti,
1950 1542 2159 1617 quique

324 1637 610 1696 maximos
638 1639 819 1695 duces
841 1638 1259 1708 interfecisset;
1303 1638 1555 1713 denique
1598 1638 1656 1695 in
1686 1658 1800 1714 quo
1851 1658 1967 1696 uno
2010 1649 2162 1698 esset

324 1730 571 1805 tantum,
602 1744 684 1806 ut,
713 1733 902 1807 quoad
933 1733 1028 1790 ille
1059 1734 1292 1806 viveret,
1327 1734 1432 1810 ipsi
1469 1734 1660 1791 securi
1702 1754 1829 1791 esse
1873 1753 1989 1792 non
2034 1754 2162 1810 pos·

323 1839 489 1897 sent3
533 1829 858 1900 interfect0‚
889 1827 1034 1884 nihil
1064 1828 1317 1886 habituri
1341 1830 1559 1905 negotii
1578 1841 1774 1887 essent
1800 1850 1813 1898 ;
1844 1830 2157 1906 postremo,

322 1924 372 1981 si
402 1924 485 1980 illi
512 1924 780 1981 redderet
820 1924 1085 1996 salutem,
1129 1924 1465 1998 quaerebant
1504 1924 1714 1999 quibus
1759 1924 1964 1981 amicis
2005 1935 2158 1982 esset
2205 1925 2279 1982 15

321 2021 574 2077 usurus?
617 2037 745 2076 sese
774 2019 929 2076 enim
959 2038 1094 2075 cum
1124 2018 1392 2075 Eumene
1422 2019 1573 2095 apud
1602 2038 1736 2076 eum
1766 2039 1881 2076 non
1914 2020 2152 2077 futuros,

323 2114 465 2188 Hic,
496 2113 733 2191 cognita
774 2113 1003 2172 consilii
1044 2114 1359 2187 voluntate,
1404 2125 1599 2171 tamen
1640 2133 1822 2191 usque
1866 2114 1937 2172 ad
1988 2114 2159 2191 septi-

254 2239 259 2244 ’
320 2230 480 2268 mum
536 2211 690 2267 diem
745 2209 1105 2268 deliberandi
1160 2209 1271 2267 sibi
1325 2210 1572 2287 spatium
1645 2211 1892 2285 reliquit.
1997 2210 2156 2268 Tum

321 2318 535 2378 autem,
564 2325 741 2381 quum
767 2306 890 2381 jam
921 2317 1233 2379 vereretur,
1263 2324 1455 2381 nequa
1482 2305 1690 2365 seditio
1729 2304 2021 2363 exercitiis
2049 2305 2160 2364 ori-

317 2414 497 2474 retur,
526 2401 727 2474 vetuit,
752 2402 825 2458 ad
846 2420 981 2458 eum
1023 2420 1351 2477 quenquam
1382 2400 1627 2473 admitti,
1657 2411 1716 2458 et
1755 2400 2156 2475 quotidianum
2196 2400 2276 2458 20

317 2498 537 2555 victum
567 2495 817 2554 amoveri
841 2496 1030 2572 jussit.
1118 2496 1272 2553 Nam
1306 2496 1580 2571 negabat,
1610 2514 1671 2552 se
1708 2493 1765 2551 ei
1805 2494 1919 2551 vim
1962 2495 2160 2552 allatu-

316 2613 469 2666 rum,
523 2592 623 2669 qui
679 2592 991 2667 aliquando
1046 2591 1250 2649 fuisset
1305 2591 1546 2648 amicus,
1631 2589 1751 2646 Hic
1800 2601 1995 2647 tamen
2038 2593 2196 2645 non'

319 2688 567 2766 amplius
593 2687 767 2765 quam
788 2687 1042 2747 triduum
1067 2688 1216 2744 fame
1246 2687 1538 2763 fatigatuS,
1561 2704 1739 2762 quum
1761 2695 1952 2743 castra
1973 2702 2160 2741 move-

316 2797 538 2857 rentur,
586 2784 873 2842 insciente
917 2785 1218 2860 Antigono
1253 2783 1553 2859 jugulatus
1594 2793 1681 2840 est
1725 2800 1759 2838 a
1799 2779 2154 2839 custodibus.

398 2880 579 2938 XIII.
665 2880 767 2936 Sic
822 2879 1120 2937 Eumenes
1176 2898 1463 2937 annorum
1512 2878 1768 2953 quinque
1817 2889 1875 2935 et
1917 2876 2159 2951 quadra·
2197 2874 2277 2932 25

319 2977 504 3053 ginta,
547 2993 723 3051 quum
770 2975 843 3031 ab
886 2994 1039 3032 anno
1080 2974 1377 3046 vicesimo,
1424 2971 1507 3030 uti
1552 2969 1726 3048 supra
1771 2971 2151 3040 ostendimu8‚

318 3083 539 3147 septem
596 3090 780 3128 annos
835 3070 1103 3145 Philippo
1158 3067 1535 3145 apparuisset,
1586 3078 1645 3125 et
1686 3066 1970 3123 tredecim
2005 3063 2157 3140 apud

318 3166 720 3223 Alexandrum
775 3164 1028 3222 eundem
1082 3164 1276 3221 locum
1329 3162 1698 3233 obtinuisset,
1731 3160 1791 3217 in
1832 3159 1920 3217 his
1978 3177 2155 3215 unum

317 3262 574 3335 equitum
620 3261 725 3317 alae
773 3259 1117 3336 praefuisset,
1167 3270 1295 3335 post
1341 3270 1536 3317 autem
1587 3256 1911 3315 Alexandri
1959 3253 2156 3330 magni

317 3367 560 3413 mortem
589 3355 898 3430 imperator
926 3355 1217 3412 exercitus
1245 3354 1524 3426 duxisset,
1560 3369 1930 3426 summosque
1975 3352 2155 3408 duces
2196 3351 2275 3408 30

317 3451 525 3527 partim
564 3450 891 3526 repulisset,
920 3449 1128 3525 partim
1156 3449 1561 3521 interfecisset,
1595 3459 1800 3524 captus
1837 3466 1956 3505 non
1988 3445 2158 3504 Anti-

316 3544 457 3621 goni
505 3544 735 3617 virtute,
782 3545 882 3601 sed
939 3543 1338 3601 Macedonum
1390 3542 1664 3619 perjurio,
1720 3543 1898 3601 talem
1953 3540 2156 3599 habuit

316 3640 535 3698 exitum
589 3639 736 3696 vitae.
843 3638 914 3696 In
968 3659 1081 3714 quo
1133 3649 1353 3713 quanta
1407 3638 1577 3697 fuerit
1630 3638 1894 3697 omnium
1949 3635 2148 3713 opinio
