2619 4349
339 405 420 463 66
1106 409 1640 458 EPAMINONDAS.

459 570 664 646 inquit,
694 567 1037 640 Meneclida,
1068 567 1133 624 cle
1162 587 1332 624 uxore
1378 568 1517 623 mihi
1559 566 1899 642 exprobrare
1921 586 1942 622 .·
1983 587 2115 625 nam
2161 569 2285 628 nub

460 666 571 723 lius
601 667 663 721 in
689 663 807 722 ista
836 683 895 721 re
939 661 1126 720 min-us
1170 663 1259 719 uti
1302 663 1537 718 consilio
1585 663 1724 718 volo.
1810 661 2085 721 Habebat
2121 664 2283 723 enim

460 760 827 817 Meneclidas
881 757 1272 834 suspicionem
1329 756 1613 814 adulterii.
1731 754 1914 824 Quod
1963 766 2148 816 autem
2202 779 2286 819 me

459 855 933 930 Agamemnonem
988 853 1246 909 cemulari
1287 860 1492 928 putaS,
1530 850 1790 927 falleris.
1873 851 2137 927 Namque
2190 854 2287 912 ille

381 951 421 1008 5
460 970 581 1008 cum
608 948 877 1007 universa
912 947 1148 1005 Groecid
1177 949 1270 1004 viz
1299 948 1481 1004 decem
1500 948 1668 1003 annis
1692 966 1857 1003 unam
1883 948 2033 1023 cepit
2052 948 2241 1005 urbem
2262 970 2285 1014 ‚-

459 1062 563 1120 ego
593 1043 794 1102 contra
822 1064 884 1102 ez
916 1042 1033 1100 unci
1080 1043 1216 1099 urbe
1258 1040 1458 1098 nostra
1496 1042 1693 1116 dieque
1740 1061 1852 1099 uno
1896 1050 2073 1100 totam
2121 1043 2286 1101 Groe-

462 1142 628 1212 ciam,
658 1138 1110 1199 Lacedaemoniis
1121 1136 1390 1214 fugatis,
1420 1136 1678 1193 liberavi.

540 1235 648 1294 VI.
731 1235 897 1291 Idem
925 1253 1098 1309 quum
1158 1233 1216 1289 in
1266 1243 1615 1290 conventum
1663 1231 1916 1303 venisset
1963 1232 2285 1306 Arcadum,

460 1342 665 1406 petens
692 1342 756 1388 ut
784 1329 1118 1396 societatem
1147 1347 1280 1385 cum
1309 1327 1615 1384 Thebanis
1642 1338 1700 1385 et
1731 1326 1963 1402 Argivis
2006 1328 2286 1400 facerent,

354 1429 425 1486 10
466 1424 780 1500 contraque
809 1425 1196 1496 CallistratuS‚
1247 1422 1698 1480 Atheniensium
1742 1423 1988 1498 legatus,
2032 1423 2131 1498 qui
2170 1424 2287 1481 elo-

463 1520 700 1595 quentia
753 1539 955 1577 omnes
1008 1538 1078 1575 eo
1124 1518 1435 1594 praestabat
1502 1529 1780 1593 tempore,
1833 1517 2166 1593 postularet,
2223 1528 2288 1576 ut

462 1613 654 1692 potius
682 1614 995 1672 amicitiam
1045 1625 1419 1688 sequerentur
1471 1613 1820 1684 Atticorum,
1850 1623 1910 1670 et
1937 1611 1996 1669 in
2024 1612 2286 1671 oratione

463 1711 570 1767 sua
598 1709 775 1766 multa
815 1708 1078 1765 invectus
1125 1720 1279 1766 esset
1328 1709 1387 1765 in
1439 1709 1757 1766 Thebanos
1805 1719 1865 1766 et
1912 1707 2180 1783 ArgivoS,
2225 1707 2287 1764 in

464 1803 662 1878 eisque
713 1804 822 1860 hoc
871 1802 1156 1879 posuisset
1175 1823 1188 1873 ;
1254 1803 1703 1860 animadvertere
1748 1802 1943 1860 debere
1989 1802 2287 1875 Arcadas,

286 1914 287 1917 ’
352 1901 426 1957 15
466 1899 658 1975 quales
706 1906 948 1973 utraque
988 1898 1195 1954 civitas
1247 1899 1395 1955 cives
1433 1895 1815 1973 procreasset,
1862 1917 1925 1954 ex
1968 1896 2171 1972 quibus
2221 1896 2290 1954 dc

466 1993 684 2050 caeteris
708 2000 938 2068 possent
944 1991 1238 2066 judicare.
1323 1992 1583 2067 Argivos
1621 1993 1766 2049 enim
1787 1990 1984 2067 fuisse
2032 1992 2290 2048 Orestem

436 2096 520 2157 ⁴et
572 2087 964 2159 Alcmoeonem,
1014 2089 1354 2145 matricidas
1382 2110 1403 2152 ‚-
1474 2088 1681 2145 Thebis
1743 2088 2028 2164 OEdipum
2072 2096 2289 2160 natum,

466 2184 585 2259 qui,
631 2202 799 2259 quum
830 2191 1060 2258 patrem
1106 2203 1266 2239 suum
1320 2182 1719 2259 interfecisset,
1758 2204 1821 2240 ex
1864 2192 2044 2241 matre
2088 2183 2290 2241 liberos

455 2275 835 2353 procreasset.
919 2276 1038 2333 Hic
1084 2277 1142 2333 in
1165 2278 1569 2354 respondendo
1612 2278 2068 2353 Epaminondae,
2113 2298 2292 2353 quum

349 2371 430 2430 20
469 2371 544 2429 de
572 2370 797 2429 caeteris
824 2372 1168 2447 perorasset,
1217 2383 1519 2448 postquam
1565 2373 1635 2429 ad
1680 2373 1778 2430 illa
1821 2374 1938 2431 duo
1989 2372 2294 2449 opprobria

465 2464 746 2543 pervenit,
776 2466 1060 2523 admirari
1087 2486 1142 2524 se
1171 2466 1317 2524 dixit
1344 2467 1650 2524 stultitiam
1677 2468 1921 2526 rhetoris
1952 2467 2163 2540 Attici,
2192 2469 2291 2543 qui

468 2580 580 2619 non
603 2561 1090 2633 animadverterit,
1120 2562 1439 2619 innocentes
1484 2562 1611 2619 illos
1650 2572 1854 2627 natos,-
1897 2562 2048 2620 domi
2091 2563 2294 2619 scelere

471 2655 737 2728 admisso,
794 2676 960 2731 quum
1002 2655 1215 2732 patrici
1259 2666 1440 2714 essent
1487 2658 1723 2733 expulsi,
1773 2666 2022 2733 receptos
2062 2677 2175 2715 esse
2221 2657 2293 2713 ab

469 2750 929 2809 Atheniensibus.
1039 2751 1155 2807 Sed
1215 2749 1467 2808 maxime
1522 2751 1647 2825 ejus
1720 2752 2050 2825 eloquentia
2110 2752 2293 2810 eluxit

352 2847 432 2905 25
473 2845 715 2922 Spartae,
744 2845 921 2921 legati
962 2855 1093 2901 ante
1140 2863 1396 2919 pugnam
1453 2844 1839 2901 Leuctricam.
1920 2844 2063 2905 Quo
2113 2866 2292 2920 quum

467 2940 726 3000 omnium
765 2938 1051 2997 sociorum
1100 2938 1509 2996 convenissent
1551 2937 1748 3012 legati,
1794 2957 1989 2995 coram
2033 2940 2297 3013 frequen-

469 3034 693 3093 tissimo
739 3033 1092 3110 legationum
1141 3025 1431 3090 conventu
1471 3032 1561 3089 “sic
1610 3032 2184 3091 Lacedaemoniorum
2213 3047 2298 3110 ty-

469 3128 772 3187 rannidem
802 3126 1082 3202 coarguit,
1101 3138 1166 3185 ut
1186 3145 1303 3184 non
1328 3126 1520 3184 minus
1542 3126 1641 3183 illa
1662 3128 1919 3185 oratione
1936 3148 2073 3204 opes
2096 3149 2295 3187 eorum

470 3223 847 3293 concusserit,
896 3219 1068 3295 quam
1115 3220 1426 3278 Leuctrica
1463 3221 1676 3295 pugna.
1761 3222 1920 3279 Tum
1968 3223 2125 3280 enim
2172 3244 2298 3299 per-

353 3318 432 3376 30
472 3316 629 3389 fecit,
658 3317 809 3391 quod
838 3314 969 3391 post
1000 3314 1281 3391 apparuit,
1327 3326 1392 3372 ut
1436 3315 1649 3392 auxilio
1697 3316 1982 3375 sociorum
2027 3307 2298 3375 Lacedaess

462 3410 648 3468 monii
674 3410 1050 3486 privarentur.

548 3505 689 3565 VII.
774 3505 981 3564 Fuisse
1006 3506 1326 3582 patientem
1355 3525 1702 3581 suorumque
1732 3505 1973 3582 injurias
2017 3496 2324 3574 ferentem'

467 3601 700 3676 civium,
743 3600 895 3679 quod
927 3621 988 3660 se
1031 3601 1232 3679 patriae
1275 3600 1447 3659 irasci
1495 3602 1658 3659 nefas
1700 3620 1828 3659 esse
1871 3602 2130 3674 duceret,
2173 3602 2298 3658 hmo
