2619 4349
350 410 428 476 12
1090 420 1672 476 Tnssmrs'rooms.

460 588 675 644 hostes.
763 586 1005 644 Interim
1037 587 1110 643 ab
1136 586 1365 659 eodem,
1396 587 1583 662 gradu
1625 586 1905 662 depulsus
1947 595 2053 642 est.
2137 582 2295 643 Nam

465 679 897 738 Themistocles
922 699 1152 753 verens,
1182 699 1259 738 ne
1292 681 1512 737 bellare
1540 691 1956 757 perseveraret,
1988 679 2295 738 certiorem

464 795 601 834 eum
651 776 809 849 fecit,
853 776 913 832 id
959 775 1073 852 agi,
1110 787 1177 835 ut
1223 796 1393 852 pons,
1435 795 1608 851 quem
1661 776 1757 833 ille
1808 776 1868 832 in
1913 775 2299 851 Hellesponto

464 873 705 945 fecerat,
733 872 1163 945 dissolveretur,
1196 890 1266 929 ac
1300 871 1493 929 reditu
1523 870 1583 929 in
1615 871 1822 929 Asiam
1850 871 2295 941 excluderetur3

382 968 425 1025 5
465 965 640 1042 idque
668 967 724 1024 ei
751 966 1058 1044 persuasit.
1143 967 1351 1044 Itaque
1380 968 1497 1044 qua
1537 986 1640 1024 sex
1679 967 1981 1024 mensibus
2010 966 2118 1024 iter
2148 968 2299 1024 fece·

464 1074 575 1135 rat,
604 1062 811 1121 eadem
840 1061 1036 1121 minus
1063 1063 1272 1120 diebus
1296 1062 1546 1139 triginta
1574 1061 1634 1119 in
1659 1062 1866 1120 Asiam
1895 1081 2160 1120 reversus
2185 1073 2296 1135 est,

465 1177 642 1234 seque
677 1177 711 1215 a
752 1159 1156 1218 Themistocle
1199 1178 1319 1217 non
1362 1170 1696 1235 superatum
1741 1159 1845 1214 sed
1889 1168 2296 1215 conservatum

460 1254 760 1330 judicavit.
847 1254 949 1312 Sic
978 1255 1153 1312 unius
1182 1254 1290 1312 viri
1316 1253 1631 1330 prudentia
1658 1252 1892 1310 Graecia
1917 1252 2166 1311 liberata
2188 1263 2295 1331 est,

466 1349 829 1424 Europaeque
858 1349 1171 1407 succubuit
1213 1350 1379 1407 Asia.
1467 1349 1616 1407 Haec
1659 1350 1841 1407 altera
1878 1347 2140 1421 victoria,
2169 1366 2296 1423 quae

349 1444 425 1501 lo
466 1462 600 1500 cum
646 1443 1019 1501 Marathonio
1058 1444 1241 1520 possit
1282 1443 1609 1520 comparari
1654 1454 1887 1519 tropaeo.
1971 1443 2129 1500 Nam
2171 1440 2297 1520 pari

465 1539 645 1596 modo
697 1540 850 1615 apud
894 1539 1197 1596 Salamina
1244 1558 1423 1616 parvo
1477 1557 1722 1596 numero
1763 1538 1997 1596 navium
2041 1538 2297 1596 maxima

465 1645 597 1711 post
627 1635 926 1693 hominum
956 1635 1296 1694 memoriam
1323 1634 1531 1694 classis
1557 1646 1647 1693 est
1674 1634 1921 1692 devicta.

547 1730 655 1789 VI.
743 1730 1000 1807 Magnus
1030 1732 1143 1790 hoc
1170 1733 1324 1789 bello
1351 1730 1786 1789 Themistocles
1815 1731 1944 1804 suit,
1974 1750 2087 1788 nec
2108 1730 2298 1788 minor

465 1826 528 1883 in
570 1845 735 1903 pace.
819 1828 1028 1889 Quum
1069 1827 1227 1884 enim
1271 1825 1580 1885 Phalerico
1620 1837 1811 1903 portu,
1850 1846 2042 1903 neque
2084 1844 2299 1901 magno

351 1922 426 1981 15
466 1942 658 2000 neque
713 1925 886 1997 bone,
944 1924 1345 1982 Athenienses
1398 1934 1700 1982 uterentur
1730 1931 1772 1994 ;‘
1816 1922 1990 1999 hujus
2053 1921 2298 1980 consilio

465 2019 672 2096 triplex
703 2020 875 2079 Piraei
914 2032 1114 2097 portus
1142 2020 1496 2079 constitutus
1537 2030 1646 2094 est,
1676 2019 1841 2095 isque
1868 2018 2161 2078 moenibus
2187 2016 2299 2075 cir·

465 2118 796 2190 cumdatus‚
825 2129 891 2174 ut
919 2117 1102 2193 ipsam
1146 2100 1352 2174 urbem
1394 2115 1682 2193 dignitate
1710 2115 2111 2193 aequipararet‚
2142 2113 2298 2171 utili-

465 2224 585 2271 tate
614 2223 931 2288 superaret.
1016 2212 1298 2288 Idemque
1327 2231 1524 2270 muros
1556 2211 2015 2269 Atheniensium
2042 2209 2297 2269 restituit

464 2308 760 2385 praecipuo
783 2308 1046 2385 periculo
1072 2327 1196 2367 suo.
1280 2308 1553 2385 Namque
1588 2307 2023 2366 Lacedaemonii
2052 2325 2290 2366 causam

346 2401 428 2463 m
469 2405 739 2463 idoneam
788 2404 949 2463 nacti
1004 2415 1238 2481 propter
1297 2405 1687 2463 Barbarorum
1736 2404 2135 2478 excursioneS‚
2183 2403 2299 2480 qua

465 2512 752 2577 negarent
803 2511 1070 2577 oportere
1122 2512 1286 2559 extra
1339 2500 1810 2577 Peloponnesum
1857 2501 2040 2559 ullam
2091 2501 2295 2559 urbem

473 2596 696 2670 haberi,
714 2605 804 2654 *ne
841 2606 1039 2656 essent
1081 2597 1213 2656 loca
1249 2597 1477 2657 munita
1508 2616 1636 2673 quoe
1673 2597 1872 2656 hostes
1912 2597 2297 2674 possiderent,

467 2692 869 2750 Athenienses
913 2693 1272 2752 aedificantes
1316 2694 1624 2771 prohibere
1669 2705 1807 2752 sunt
1849 2694 2063 2753 conati.
2164 2692 2298 2751 Hoc

465 2786 641 2865 longe
662 2786 777 2846 alio
795 2789 1117 2865 spectabat,
1138 2800 1309 2864 atque
1328 2789 1511 2847 videri
1528 2789 1816 2848 volebant.
1901 2787 2297 2846 Athenienses

278 2952 284 2958 ‚
345 2883 427 2943 25
467 2883 626 2942 enim
651 2884 880 2942 duabus
909 2885 1186 2959 victoriis,
1212 2884 1588 2944 Marathonia
1618 2895 1678 2942 et
1706 2883 2050 2954 Salaminia,
2073 2892 2294 2939 tantam

465 2980 712 3058 gloriam
757 2983 909 3058 apud
936 3000 1143 3041 omnes
1183 2992 1391 3059 gentes
1433 2992 1600 3038 erant
1641 2977 1965 3050 consecuti,
1996 2988 2061 3035 ut
2089 2976 2296 3034 intelli-

465 3088 673 3154 gerent
702 3077 1157 3151 Lacedaemonii‚
1187 3079 1261 3135 de
1303 3076 1635 3153 principatu
1675 3073 1791 3131 sibi
1819 3090 1955 3129 cum
1992 3071 2083 3129 his
2112 3083 2296 3130 certa·-

469 3193 602 3231 men
623 3174 760 3232 fore.
844 3173 1052 3236 Quare
1081 3193 1182 3231 eos
1209 3170 1384 3248 quam
1408 3169 1831 3227 infirmissimos
1848 3186 1978 3225 esse
2000 3168 2287 3226 volebant.

466 3269 780 3346 Postquam
810 3280 1003 3328 autem
1035 3268 1367 3340 audierunt,
1390 3283 1587 3323 muros
1610 3262 1840 3337 instrui,
1863 3263 2086 3340 legatos
2109 3264 2294 3321 Athe-

346 3363 427 3424 3')
467 3384 574 3424 nas
615 3366 920 3438 miserunt,
964 3364 1064 3441 qui
1109 3363 1167 3421 id
1209 3361 1337 3419 fieri
1379 3370 1657 3418 vetarent.
1744 3359 1858 3417 His
1906 3358 2290 3436 praesentibus

465 3461 786 3534 desierunt,
819 3480 888 3518 ac
918 3480 980 3518 se
1023 3460 1096 3517 de
1124 3458 1196 3515 ea
1223 3477 1284 3515 re
1318 3458 1542 3534 legatos
1586 3457 1657 3514 ad
1686 3475 1787 3515 eos
1827 3455 2104 3514 missuros
2132 3454 2290 3513 dixe·

465 3569 618 3616 runt.
704 3556 883 3614 Hanc
909 3554 1263 3633 legationem
1292 3553 1552 3634 suscepit
1575 3553 2030 3626 Themistocles,
2053 3564 2112 3610 et
2134 3551 2289 3611 solus
2314 3573 2323 3578 ·

464 3649 655 3729 primo
700 3651 996 3727 profectus
1035 3664 1141 3712 est.
1239 3650 1483 3730 Reliqui
1535 3650 1717 3730 legati
1769 3662 1836 3711 ut
1873 3660 2000 3709 tum
2040 3648 2288 3723 exirent,
