2619 4349
374 424 391 479 Ι
410 423 484 480 10
962 431 1025 480 Τ.
1060 430 1474 481 POMPONIUS
1507 431 1836 483 ATTICUS.

476 590 702 666 misque
758 590 1015 650 studioso
1069 591 1409 650 litterarum.
1495 593 1634 666 Hic,
1688 598 1857 669 proiit
1907 592 2030 669 ipse
2081 594 2313 652 amabat

476 687 720 759 litteraS,
749 686 1019 745 omnibus
1047 686 1348 762 doctrinis,
1378 688 1588 763 quibus
1633 688 1872 764 puerilis
1920 700 2060 747 aetas
2104 689 2312 764 imper·
2382 763 2391 771 θ

476 781 570 840 tiri
599 781 792 854 debet,
821 780 1004 839 filium
1031 782 1294 841 erudivit.
1380 782 1523 842 Erat
1552 796 1743 842 autem
1774 784 1833 840 in
1861 803 2060 860 puer0,
2098 797 2307 860 praeter

474 877 829 936 docilitatem
858 877 1101 955 ingenii,
1126 897 1354 936 summa
1381 878 1633 938 suavitas
1653 879 1769 937 oris
1792 898 1860 936 ac
1889 879 2067 952 vociS,
2087 891 2151 938 ut
2188 899 2309 938 non

392 974 433 1030 5
473 971 660 1031 solum
708 973 973 1032 celeriter
1018 974 1332 1050 acciperet,
1377 993 1503 1050 quae
1541 975 1939 1048 tradebantur,
1985 976 2087 1032 sed
2131 975 2309 1033 etiam

472 1070 824 1128 excellenter
853 1070 1270 1146 pronuntiaret.
1351 1069 1495 1132 Qua
1523 1090 1597 1128 ex
1623 1090 1686 1129 re
1712 1070 1770 1128 in
1799 1071 2049 1148 pueritia
2095 1071 2309 1129 nobilis

472 1165 621 1222 inter
677 1167 925 1241 aequales
991 1167 1301 1239 ferebatur,
1379 1163 1706 1241 clariusque
1769 1166 2311 1243 exsplendescebat,

471 1258 644 1335 quarn
672 1262 939 1337 generosi
979 1261 1367 1338 condiscipuli
1417 1262 1611 1321 animo
1654 1281 1817 1338 aequo
1861 1263 2009 1321 ferre
2051 1274 2312 1338 possent.

475 1355 677 1431 Itaque
708 1356 989 1416 incitabat
1016 1377 1218 1415 omnes
1260 1357 1452 1416 studio
1497 1377 1631 1416 suo:
1673 1378 1788 1433 quo
1817 1357 1876 1415 in
1904 1377 2148 1416 numero
2189 1359 2312 1416 fue-

357 1451 432 1508 10
473 1463 604 1509 runt
634 1451 701 1509 L.
733 1452 1084 1527 TorquatuS,
1131 1453 1199 1509 C.
1245 1451 1470 1510 Marius
1524 1453 1697 1526 filius,
1727 1452 1810 1510 M.
1842 1453 2053 1512 Cicero
2084 1474 2100 1510 ι
2166 1473 2312 1528 quos

472 1548 894 1605 consuetudine
924 1549 1030 1605 sua
1059 1548 1143 1606 sic
1173 1549 1282 1606 sibi
1314 1548 1592 1623 devinxit,
1622 1561 1686 1608 ut
1716 1569 1888 1608 nemo
1918 1550 1988 1608 iis
2024 1547 2306 1627 perpetuo

482 1642 658 1700 fuerit
688 1643 892 1701 carior.

556 1737 638 1796 ΙΙ.
747 1739 915 1796 Pater
970 1739 1196 1797 mature
1254 1739 1523 1798 decessit.
1629 1739 1764 1817 Ipse
1820 1739 2309 1813 adolescentuluS,

470 1846 699 1909 propter
756 1836 1093 1895 affinitatem
1159 1836 1223 1895 P.
1285 1836 1554 1912 Sulpicii,
1610 1837 1708 1911 qui
1764 1836 2068 1894 Tribunus
2120 1836 2309 1912 plebis

356 1931 431 1989 15
476 1933 816 1991 interfectus
843 1945 952 2006 est,
981 1952 1099 1990 non
1128 1952 1335 2009 expers
1365 1932 1473 1992 fuit
1501 1931 1654 1990 illius
1691 1931 1952 2008 periculi.
2037 1930 2310 2007 Namque

472 2027 708 2101 Anicia,
738 2027 1043 2104 Pomponii
1072 2028 1442 2101 consobrina,
1471 2039 1749 2105 nupserat
1779 2027 1861 2084 M.
1890 2026 2110 2100 Servio,
2146 2027 2308 2086 fratri

471 2125 535 2183 P.
602 2122 865 2199 Sulpicii.
976 2122 1183 2199 Itaque
1239 2122 1548 2183 interfecto
1604 2121 1885 2200 Sulpicio,
1934 2133 2309 2199 posteaquam

470 2220 613 2278 vidit
687 2218 960 2276 Cinnano
1035 2220 1285 2277 tumultu
1358 2217 1650 2277 civitatem
1692 2236 1851 2275 esse
1893 2218 2308 2293 perturbatam,

469 2335 657 2391 neque
687 2313 797 2371 sibi
847 2314 973 2372 dari
1024 2316 1359 2373 facultatem
1399 2333 1503 2391 pro
1547 2313 1831 2390 dignitate
1872 2312 2123 2385 vivendi,
2168 2313 2310 2388 quin

348 2409 431 2470 20
474 2412 807 2469 alterutram
829 2421 1051 2486 partem
1079 2410 1420 2482 offenderet,
1450 2407 1776 2466 dissociatis
1821 2407 2028 2465 animis
2073 2407 2309 2481 civium,

468 2526 645 2583 quum
699 2505 801 2564 *alii
854 2506 1132 2579 SullaniS,
1190 2504 1286 2564 alii
1338 2504 1627 2562 Cinnanis
1703 2504 1960 2561 faverent
2012 2503 2311 2579 partibus3

470 2604 743 2662 idoneum
772 2614 1001 2679 tempus
1028 2613 1207 2674 ratus,
1238 2600 1444 2659 studiis
1472 2598 1831 2674 obsequendi
1871 2598 2010 2671 suiS‚
2042 2599 2311 2656 Athenas

470 2719 532 2757 se
576 2697 838 2757 contulit.
924 2696 1132 2771 Neque
1182 2694 1253 2754 eo
1309 2694 1503 2753 secius
1555 2695 1981 2752 adolescentem
2033 2692 2309 2766 Marium,

471 2795 695 2852 hostem
720 2791 1069 2868 judicatum,
1093 2790 1243 2866 juvit
1263 2791 1470 2867 opibus
1499 2789 1656 2860 suis3
1701 2789 1869 2865 cujus
1912 2791 2105 2865 fugam
2135 2809 2312 2865 pecu-

350 2890 431 2947 25
470 2888 571 2946 nia
608 2885 945 2945 sublevavit.
1031 2887 1144 2959 Ac,
1190 2905 1266 2943 ne
1320 2885 1419 2944 illa
1464 2884 1856 2962 peregrinatio
1899 2883 2309 2942 detrimentum

474 2983 702 3059 aliquod
747 2983 977 3040 afferret
1025 2981 1109 3039 rei
1159 2980 1451 3054 familiari,
1505 2979 1715 3038 eodem
1769 2998 2041 3055 magnam
2084 2991 2310 3054 partem

471 3081 830 3138 fortunarum
859 3076 1089 3153 trajecit
1117 3095 1371 3134 suarum.
1455 3075 1576 3133 Hic
1605 3074 1686 3132 ita
1728 3074 1889 3147 vixit,
1919 3086 1983 3132 ut
2025 3074 2312 3132 universis

476 3173 939 3232 Atheniensibus
994 3169 1199 3229 merito
1255 3181 1411 3230 esset
1464 3170 1815 3228 carissimus.
1899 3170 2052 3226 Nam
2103 3181 2311 3245 praeter

471 3268 738 3346 gratiam,
777 3287 904 3343 quae
949 3268 1068 3343 jam
1114 3266 1173 3323 in
1226 3266 1662 3325 adolescentulo
1703 3284 1917 3341 magna
1964 3276 2108 3336 erat,
2155 3263 2310 3341 saepe

354 3367 435 3425 30
475 3363 594 3423 suis
636 3363 843 3440 opibus
886 3362 1142 3439 inopiam
1195 3381 1396 3420 eorum
1447 3360 1743 3437 publicam
1778 3344 2021 3418 ⁴levavit.
2103 3360 2309 3421 Quum

475 3460 632 3519 enim
661 3479 954 3518 versuram
986 3460 1177 3516 facere
1205 3456 1440 3534 publice
1471 3475 1713 3514 necesse
1761 3468 1935 3528 esset,
1965 3474 2156 3530 neque
2185 3454 2313 3531 ejus

474 3553 869 3614 conditionem
915 3572 1136 3628 aequam
1185 3553 1502 3622 haberent3
1565 3570 1791 3627 semper
1836 3569 1898 3608 se
1948 3549 2310 3625 interposuit,

478 3661 647 3726 atque
695 3650 795 3722 ita,
820 3659 885 3707 ut
924 3666 1114 3723 neque
1169 3666 1404 3706 usuram
1444 3665 1699 3722 unquam
1755 3646 1827 3703 ab
1877 3645 1948 3703 iis
1999 3644 2310 3721 acceperit,
