2619 4349
369 352 450 410 48
1178 357 1632 408 IPHICRATES.

490 531 746 576 versatus
764 538 779 588 3
823 515 977 593 saepe
1007 517 1362 574 exercitibus
1388 515 1654 592 praesuit;
1700 534 1986 590 nusquam
2017 516 2190 593 culpa
2213 517 2323 574 sua

487 611 637 672 male
669 632 790 671 rem
832 612 1014 688 gessit
1035 632 1049 682 3
1095 631 1321 689 semper
1371 612 1615 670 consilio
1657 611 1839 681 vicit3
1883 608 2223 688 tantumque
2250 632 2324 670 eo

487 709 686 783 valuit,
734 721 797 767 ut
844 709 1027 767 multa
1074 708 1136 765 in
1191 727 1252 766 re
1307 708 1542 766 militari
1588 708 1798 785 partim
1847 727 1997 766 nova
2045 709 2321 782 attulerit,

483 805 695 882 partim
749 803 987 862 meliora
1042 802 1262 861 fecerit.
1346 803 1618 880 Namque
1673 803 1769 861 ille
1817 803 2108 879 pedestria
2163 822 2324 862 arma

405 902 446 958 5
486 899 749 973 mutavit,
777 919 955 976 quum
986 910 1119 956 ante
1148 898 1312 956 illurn
1342 898 1745 975 imperatorem
1774 898 2042 956 maximis
2080 899 2321 975 clypeis,

488 996 759 1054 brevibus
786 995 985 1070 hastis,
1015 995 1254 1053 minutis
1297 995 1508 1071 gladiis
1557 1007 1874 1054 uterentur.
1959 994 2066 1054 Ille
2109 1015 2142 1052 e
2184 1015 2324 1054 con·

486 1092 662 1150 trario
714 1093 929 1168 peltam
983 1111 1086 1168 pro
1123 1092 1325 1169 parma
1369 1091 1508 1150 fecit
1558 1090 1622 1169 (a
1663 1111 1777 1167 quo
1824 1103 2024 1168 postea
2051 1093 2323 1170 peltascae

485 1188 710 1264 pedites
740 1188 1154 1267 appellantur),
1184 1199 1249 1246 ut
1293 1188 1365 1244 ad
1410 1197 1600 1246 motus
1643 1207 2076 1264 concursusque
2125 1202 2323 1248 essent

485 1282 744 1341 leviores.
830 1283 1032 1342 Hastm
1065 1285 1300 1341 modum
1336 1279 1691 1360 duplicavit;
1750 1284 1977 1360 gladios
2027 1284 2322 1361 longiores

375 1378 448 1435 10
490 1378 643 1436 fecit.
730 1378 896 1435 Idem
949 1397 1138 1454 genus
1189 1379 1498 1437 loricarum
1563 1379 1826 1453 mutavit,
1875 1392 1935 1438 et
1988 1400 2092 1456 pro
2146 1382 2320 1440 sertis

488 1489 658 1551 atque
710 1477 889 1534 aeneis
948 1477 1159 1536 linteas
1222 1477 1401 1536 dedit.
1510 1478 1653 1541 Quo
1718 1479 1873 1538 sacto
1933 1480 2323 1556 expeditiores

487 1572 701 1631 milites
755 1573 1021 1631 reddidit.
1107 1573 1264 1632 Nam
1318 1574 1576 1651 pondere
1620 1576 1903 1649 detracto,
1953 1577 2107 1652 quod
2152 1575 2321 1652 aeque

488 1688 698 1745 corpus
726 1681 948 1744 tegeret
976 1681 1034 1728 et
1062 1670 1187 1727 leve
1216 1682 1391 1743 esset,
1421 1670 1664 1730 curavit.

566 1764 649 1822 II.
735 1765 960 1823 Bellum
990 1784 1126 1823 cum
1155 1765 1492 1823 Thracibus
1519 1766 1732 1842 gessit;
1778 1767 2063 1839 Seuthen,
2098 1766 2321 1824 socium

374 1861 448 1918 15
490 1860 967 1933 Atheniensium,
1001 1860 1062 1918 in
1100 1880 1347 1937 regnum
1395 1861 1664 1919 restituit.
1751 1861 1927 1937 Apud
1972 1861 2323 1921 Corinthum

488 1955 650 2014 tanta
689 1956 994 2015 severitate
1022 1955 1307 2015 exercitui
1346 1956 1594 2033 praesuit,
1639 1968 1704 2015 ut
1731 1957 1906 2015 nullae
1952 1976 2208 2034 unquam
2258 1958 2322 2016 in

487 2050 714 2108 Graecifi
743 2070 930 2126 neque
969 2051 1405 2110 exercitatiores
1448 2051 1652 2128 copiae,
1698 2070 1887 2129 neque
1931 2053 2119 2129 magis
2162 2053 2324 2112 dicto

489 2147 792 2205 audientes
848 2146 1061 2206 suerint
1135 2147 1291 2206 duci.
1401 2147 1476 2207 In
1529 2167 1772 2226 eamque
1836 2150 2320 2209 consuetudinem

491 2241 751 2314 adduxit,
800 2254 865 2300 ut
917 2261 1095 2317 quum
1149 2242 1338 2319 proelii
1393 2243 1626 2320 signum
1677 2245 1752 2302 ab
1795 2245 2139 2321 imperatore
2167 2260 2319 2305 esset

366 2337 449 2395 2⁰
489 2337 709 2410 datum,
739 2336 866 2395 sine
910 2337 1080 2396 ducis
1128 2339 1306 2415 opera
1351 2339 1439 2397 sic
1480 2339 1762 2399 ordinatae
1806 2341 2212 2415 consisterent,
2257 2354 2323 2401 ut

489 2430 704 2507 singuli
751 2433 824 2489 ab
868 2431 1215 2508 peritissimo
1265 2433 1613 2511 imperatore
1660 2436 1925 2513 dispositi
1966 2437 2303 2496 viderentur

490 2526 623 2585 Hoc
652 2527 912 2586 exercitu
940 2547 1159 2586 moram
1187 2529 1767 2591 Lacedaemoniorum
1793 2532 2099 2610 intercepit
2124 2553 2138 2591 τ
2167 2535 2320 2610 quod

487 2622 740 2681 maxime
780 2624 901 2683 tota
950 2624 1307 2684 celebratum
1363 2639 1452 2685 est
1504 2627 1755 2686 Graecia.
1838 2628 2061 2687 Iterum
2113 2630 2321 2689 eodem

490 2718 641 2777 bello
662 2738 865 2777 omnes
894 2718 1091 2795 copias
1118 2739 1321 2779 eorum
1351 2720 1585 2797 fugavit.
1669 2722 1812 2784 Quo
1853 2723 2008 2781 facto
2046 2743 2321 2801 magnam

367 2813 450 2872 25
489 2814 733 2891 adeptus
759 2826 849 2873 est
874 2814 1135 2891 gloriam.
1218 2815 1426 2878 Quum
1469 2816 1823 2874 Artaxerxes
1871 2816 2148 2893 AEgyptio
2194 2820 2321 2895 regi

487 2910 703 2968 bellum
732 2910 945 2970 inferre
973 2911 1171 2983 voluit,
1201 2911 1556 2987 Iphicratem
1586 2912 1660 2969 ab
1687 2912 2151 2971 Atheniensibus
2177 2916 2324 2989 peti-

488 3005 569 3065 vit
595 3007 828 3081 ducem,
857 3026 1029 3084 quem
1057 3006 1379 3084 praeficeret
1405 3007 1688 3065 exercitui
1724 3007 2104 3080 conductitio,
2150 3009 2320 3083 cujus

487 3121 766 3161 numerus
820 3102 1128 3161 duodecim
1180 3101 1427 3159 millium
1483 3101 1606 3160 fuit.
1688 3102 1888 3165 Quem
1944 3102 2179 3178 quidem
2233 3104 2321 3162 sic

486 3198 648 3256 omni
702 3197 1013 3274 disciplina
1067 3195 1303 3253 militari
1360 3195 1630 3269 erudivit,
1687 3209 1771 3270 ut,
1827 3198 2317 3273 quemadmodum

368 3295 448 3352 30
488 3294 780 3369 quondam
831 3291 1095 3348 Fabiani
1143 3288 1357 3348 milites
1405 3290 1666 3350 Romani
1714 3293 1988 3369 appellati
2035 3307 2191 3368 sunt,
2233 3296 2318 3354 sic

486 3389 914 3464 Iphicratenses
969 3386 1120 3462 apud
1170 3386 1411 3445 Graecos
1466 3386 1527 3445 in
1582 3391 1810 3447 summa
1863 3388 2038 3448 laude
2082 3391 2315 3450 fuerint.

487 3482 655 3541 Idem
710 3480 971 3539 subsidio
1017 3481 1483 3542 Lacedaemoniis
1523 3485 1839 3560 profectus,
1894 3484 2317 3563 Epaminondae

486 3576 800 3636 retardavit
829 3576 1094 3654 impetus.
1178 3576 1337 3637 Nam
1364 3577 1479 3638 nisi
1505 3578 1633 3658 ejus
1682 3581 1967 3641 adventus
2015 3584 2319 3663 appropin-
