2619 4349
298 406 303 411 ¹
344 378 428 441 84
1190 381 1550 433 EUMENEs.

468 544 528 603 in
559 542 816 601 Mediam
857 541 1174 599 hiematum
1224 541 1420 616 coegit
1467 541 1673 598 redire.
1758 537 1893 615 Ipse
1942 538 2003 597 in
2047 538 2299 599 finitima

468 640 702 716 regione
732 637 987 696 Persidis
1013 638 1330 695 hiematum
1358 636 1556 713 copias
1584 635 1798 708 divisit,
1848 655 1967 694 non
2004 648 2067 694 ut
2095 637 2295 709 voluit,

467 737 569 794 sed
598 748 661 794 ut
688 735 934 794 militum
964 735 1209 810 cogebat
1237 734 1518 792 voluntas.
1602 730 1872 807 Namque
1913 731 2012 790 illa
2036 732 2295 808 phalanx

468 831 788 890 Alexandri
816 831 1033 908 magni,
1061 849 1188 906 quae
1234 828 1440 887 Asiam
1486 827 1843 904 peragrarat,
1888 827 2297 901 deviceratque

385 930 426 986 5
467 928 695 1000 Persas,
724 927 1044 985 inveterata
1071 944 1248 1001 quum
1276 923 1481 1001 gloria,
1511 935 1634 981 tum
1662 922 1839 981 etiam
1885 921 2146 993 licentia,
2177 940 2295 979 non

465 1043 666 1099 parere
713 1042 776 1079 se
823 1022 1091 1094 ducibus,
1129 1021 1232 1078 sed
1284 1019 1565 1095 imperare
1611 1018 1979 1095 postulabat:
2022 1028 2089 1075 ut
2135 1035 2298 1074 nunc

466 1117 723 1175 veterani
745 1116 967 1174 faciunt
983 1115 1180 1175 nostri.
1265 1113 1470 1189 Itaque
1486 1113 1810 1189 periculum
1831 1124 1940 1185 est,
1957 1132 2033 1170 ne
2057 1111 2296 1184 faciant,

465 1213 614 1287 quod
646 1212 728 1270 illi
758 1213 1021 1270 fecerunt
1048 1210 1152 1268 sua
1197 1208 1644 1286 intemperantia
1692 1207 1987 1283 nimiaque
2033 1206 2296 1278 licentia,

468 1319 529 1365 ut
557 1306 753 1365 omnia
768 1307 1032 1382 perdant,
1055 1325 1243 1380 neque
1260 1301 1457 1362 minus
1473 1324 1593 1376 eos,
1618 1323 1752 1361 cum
1769 1303 1980 1380 quibus
2001 1302 2291 1374 steterint,

358 1404 429 1460 10
468 1400 641 1476 quam
691 1400 963 1459 adversus
1011 1421 1154 1476 quos
1209 1399 1470 1458 fecerint.
1567 1396 1752 1461 Quod
1801 1398 1851 1456 si
1893 1398 2023 1473 quis
2066 1397 2298 1455 illorum

469 1508 868 1553 veteranorum
898 1496 1052 1571 legat
1083 1495 1257 1567 facta,
1287 1494 1453 1571 paria
1480 1495 1686 1552 horum
1709 1504 2060 1570 cognoscat:
2104 1511 2297 1567 neque

467 1610 588 1647 rem
621 1591 814 1662 ullam,
845 1590 958 1647 nisi
986 1601 1232 1666 tempuS,
1263 1589 1545 1647 interesse
1573 1588 1816 1665 judicet.
1902 1589 2021 1646 Sed
2066 1589 2137 1645 ad
2168 1588 2298 1645 illos

411 1738 417 1744 .
467 1697 734 1742 revertar.
820 1684 1085 1741 Hiberna
1106 1695 1471 1761 sumpserant
1496 1703 1615 1742 non
1660 1684 1734 1741 ad
1771 1702 1940 1741 usum
1990 1683 2146 1755 belli,
2192 1683 2297 1740 sed

468 1780 541 1835 ad
571 1778 820 1854 ipsorum
850 1778 1174 1849 luxuriam3
1238 1776 1527 1855 longeque
1581 1779 1732 1837 inter
1780 1798 1843 1836 se
1886 1770 2294 1838 discesserant.

354 1874 429 1931 15
469 1873 602 1930 Hoc
651 1873 980 1949 Antigonus
1032 1893 1210 1949 quum
1264 1874 1659 1949 comperisset,
1704 1873 2186 1950 intelligeretque,
2231 1892 2297 1931 se

465 1987 660 2043 parem
690 1988 809 2026 non
836 1988 964 2026 esse
1004 1968 1221 2045 paratis
1271 1968 1633 2041 adversariis,
1674 1969 1875 2028 statuit
1917 1969 2133 2044 aliquid
2183 1969 2297 2027 sibi

464 2062 694 2131 consilii
722 2063 854 2121 novi
883 2083 1009 2121 esse
1040 2063 1407 2140 capiendum.
1490 2063 1638 2122 Duae
1680 2076 1847 2123 erant
1890 2064 2015 2138 viae‚
2064 2062 2178 2140 qua
2222 2085 2301 2123 ex

468 2155 681 2230 Medis,
712 2157 812 2215 ubi
840 2158 936 2217 ille
965 2157 1277 2232 hiemabat,
1308 2159 1379 2217 ad
1420 2159 1873 2219 adversariorum
1917 2161 2301 2221 hibernacula

466 2264 659 2327 posset
710 2253 1015 2329 perveniri.
1096 2254 1368 2316 Quarum
1422 2254 1647 2314 brevior
1699 2275 1804 2332 per
1856 2257 1988 2314 loca
2040 2258 2291 2329 deserta,

348 2348 429 2405 20
468 2366 593 2422 quae
649 2367 820 2406 nemo
875 2347 1163 2408 incolebat
1214 2360 1445 2426 propter
1500 2368 1661 2425 aquae
1710 2350 1986 2426 inopiam,
2016 2350 2295 2410 caeterum

469 2443 694 2501 dierum
721 2454 844 2501 erat
872 2442 991 2501 sere
1041 2443 1280 2513 decem;
1326 2443 1425 2502 illa
1472 2454 1687 2516 autem,
1737 2445 1851 2520 qua
1894 2464 2098 2504 omnes
2140 2465 2298 2504 com-

468 2538 761 2612 meabant,
817 2538 995 2597 altero
1047 2549 1211 2598 tanto
1256 2538 1578 2615 longiorem
1631 2539 1883 2597 habebat
1930 2541 2294 2611 anfractum3

469 2634 574 2691 sed
603 2644 727 2691 erat
752 2632 1004 2709 copiosa,
1032 2633 1406 2709 omniumque
1435 2652 1627 2692 rerum
1673 2634 1995 2693 abundans.
2081 2636 2216 2695 Hac
2244 2638 2298 2694 si

466 2728 946 2804 proficisceretur,
977 2727 1358 2804 intelligebat,
1385 2726 1548 2805 prius
1588 2729 1944 2790 adversarios
1985 2732 2300 2791 rescituros

348 2823 431 2880 25
469 2822 543 2879 de
571 2841 675 2880 suo
699 2822 969 2894 adventu,
1017 2820 1190 2897 quam
1240 2822 1363 2900 ipse
1406 2824 1636 2884 tertiam
1680 2837 1903 2901 partem
1948 2827 2300 2887 confecisset

469 2915 737 2986 itineris;
800 2914 890 2975 sin
942 2936 1044 2993 per
1097 2916 1228 2978 loca
1281 2918 1405 2977 sola
1456 2921 1856 2993 contenderet,
1912 2924 2193 2998 sperabat.
2234 2942 2299 2982 se

469 3009 892 3088 imprudentem
920 3012 1144 3072 hostem
1169 3032 1594 3089 oppressurum.
1677 3016 1776 3073 Ad
1795 3002 1950 3075 hanc
1996 3037 2119 3076 rem
2161 3038 2300 3076 con-

467 3105 777 3165 ficiendam
807 3106 1128 3184 imperavit,
1161 3106 1335 3183 quam
1383 3109 1661 3185 plurimos
1708 3123 1867 3171 utres
1907 3124 2080 3189 atque
2120 3113 2300 3172 etiam

467 3201 685 3260 culleos
713 3202 1035 3279 comparari
1059 3222 1073 3261 ε
1114 3216 1244 3280 post
1271 3204 1398 3261 haec
1425 3205 1724 3279 pabulum,
1770 3220 2049 3283 praeterea
2077 3207 2299 3267 cibaria

349 3297 428 3355 31)
470 3307 637 3355 cocta
663 3296 888 3356 dierum
915 3298 1143 3371 decem,
1193 3309 1258 3357 ut
1303 3295 1479 3373 quam
1530 3299 1773 3360 minimo?
1822 3301 1987 3362 fieret
2029 3301 2183 3378 ignis
2233 3302 2297 3361 in

466 3389 689 3450 castris.
772 3391 913 3466 Iter,
939 3394 1092 3469 quod
1122 3393 1395 3467 habebat,
1424 3414 1628 3454 omnes
1654 3398 1824 3456 celat.
1908 3397 2011 3458 Sic
2037 3408 2295 3474 paratus,

470 3484 587 3563 qua
613 3485 1011 3561 constituerat,
1037 3488 1441 3565 proficiscitur.

548 3581 657 3641 IX.
741 3581 1066 3642 Dimidium
1131 3583 1251 3643 fere
1301 3585 1553 3661 spatium
1592 3588 1945 3661 confecerat,
1992 3606 2169 3664 quum
2220 3606 2299 3647 en
