2619 4349
1009 408 1107 460 DE
1140 410 1473 461 REGIBUS.
2189 406 2271 464 96

328 578 631 626 senectute
672 567 827 624 diem
869 567 1014 626 obiit
1060 588 1411 645 supremum.
1496 570 1649 627 Tres
1696 581 1832 628 sunt
1877 582 2154 646 praeterea

326 662 590 738 ejusdem
617 662 869 738 generis,
893 662 1142 735 Xerxes,
1172 674 1231 720 et
1257 664 1374 722 duo
1402 664 1775 737 Artaxerxes,
1823 662 2155 724 Macrochir

326 768 387 815 et
416 756 712 815 Mnemon.
797 757 982 815 Xerxi
1010 757 1261 815 maxime
1292 770 1380 815 est
1402 758 1641 831 illustre,
1680 757 1837 834 quod
1885 759 2152 816 maximis

325 863 456 927 post
510 853 807 909 hominum
861 851 1199 910 memoriam
1253 853 1605 911 exercitibus
1677 853 1833 911 terra
1892 852 2151 929 marique

327 946 543 1003 bellum
571 946 764 1005 intulit
790 947 1051 1004 Graeciae.
1135 946 1218 1004 At
1246 946 1578 1005 Macrochir
1604 947 1955 1024 praecipuam
1978 947 2152 1006 habet
2189 948 2230 1007 5

327 1041 557 1098 laudem
612 1040 978 1118 amplissimae
1032 1041 1547 1118 pulcherrimaeque
1602 1041 1856 1117 corporis
1919 1042 2148 1112 formae3

326 1154 498 1210 quam
551 1135 878 1193 incredibili
932 1135 1157 1194 ornavit
1208 1135 1417 1194 virtute
1472 1135 1625 1193 belli.
1733 1134 1999 1210 Namque
2054 1135 2152 1193 illo

329 1229 532 1287 Perses
559 1248 730 1288 nemo
757 1229 867 1288 fuit
892 1248 1069 1287 manu
1098 1229 1311 1288 fortior.
1398 1229 1679 1288 Mnemon
1700 1241 1895 1287 autem
1909 1228 2149 1305 justitiae

329 1324 483 1382 fama
510 1323 716 1383 floruit.
803 1324 961 1382 Nam
988 1344 1164 1400 quum
1194 1325 1396 1383 matris
1445 1344 1563 1383 suae
1601 1325 1820 1383 scelere
1866 1323 2152 1381 amisisset

328 1437 588 1492 uxorem,
618 1418 844 1478 tantum
868 1419 1110 1478 indulsit
1137 1420 1339 1493 dolori,
1369 1433 1433 1480 ut
1470 1440 1604 1478 eum
1651 1420 1836 1498 pietas
1874 1419 2146 1477 vinceret.
2193 1419 2269 1477 10

329 1513 422 1570 Ex
449 1513 538 1570 his
565 1515 683 1572 duo
706 1516 910 1572 eodem
939 1515 1175 1573 nomine
1212 1516 1413 1573 morbo
1456 1527 1676 1574 naturae
1721 1514 1979 1572 debitum
2021 1514 2150 1572 red·

328 1608 632 1667 diderunt:
675 1609 877 1667 tertius
930 1610 1004 1667 ab
1058 1610 1380 1683 Artabano,
1435 1610 1727 1686 praefecte,
1779 1610 1927 1669 ferro
1975 1607 2149 1666 inter-

328 1716 556 1779 emptus
583 1716 688 1762 est.

408 1797 489 1854 ΙΙ.
572 1798 665 1855 Ex
692 1797 1084 1857 Macedonum
1113 1812 1306 1858 autem
1335 1819 1548 1876 genere
1570 1784 1686 1858 duo
1707 1800 1888 1858 multo
1910 1810 2151 1857 caeteros

328 1904 765 1951 antecesserunt
791 1911 983 1950 rerum
1004 1906 1297 1969 gestarum
1321 1894 1505 1971 gloria
1528 1915 1544 1964 ;
1586 1894 1905 1970 Philippus,
1931 1895 2151 1969 Amyn·
2194 1894 2268 1951 15

327 1998 400 2044 tae
429 1987 599 2060 filius,
629 1998 688 2046 et
715 1987 1048 2046 Alexander
1078 1987 1352 2064 Magnus.
1436 1989 1663 2047 Horum
1687 1989 1830 2046 alter
1852 1988 2148 2063 Babylone

327 2081 526 2139 morbo
568 2092 944 2158 consumptus
997 2093 1102 2140 est.
1201 2082 1504 2159 Philippus
1551 2082 1720 2158 AEgis
1759 2101 1790 2139 a
1836 2081 2147 2154 Pausania,

326 2195 502 2252 quum
531 2189 852 2252 spectatum
880 2178 1047 2236 ludos
1075 2177 1203 2251 iret,
1232 2178 1399 2254 juxta
1435 2180 1722 2238 theatrum
1765 2178 1995 2236 occisus
2042 2188 2149 2236 est.

327 2270 493 2329 Unus
520 2271 806 2347 EpiroteS,
835 2272 1110 2347 Pyrrhus,
1138 2273 1237 2348 qui
1265 2292 1400 2330 cum
1428 2273 1639 2349 populo
1666 2273 1938 2331 Romano
1967 2272 2142 2330 bella-

327 2364 424 2423 vit.
508 2364 569 2423 Is
596 2384 772 2441 quum
801 2366 993 2441 Argos
1032 2365 1307 2442 oppidum
1355 2379 1715 2443 oppugnaret
1759 2368 1819 2424 in
1869 2367 2148 2443 Pelopon·
2187 2367 2267 2424 20

327 2479 489 2533 neso,
518 2459 708 2535 lapide
738 2460 888 2518 ictus
917 2460 1152 2518 interiit.
1235 2460 1403 2519 Unus
1446 2461 1584 2519 item
1628 2461 1882 2533 Siculus,
1932 2461 2149 2536 Diony-

327 2554 448 2612 sius
474 2554 645 2630 prior.
728 2552 886 2611 Nam
914 2565 973 2611 et
1001 2573 1177 2611 manu
1208 2554 1388 2627 fortis,
1417 2566 1477 2613 et
1503 2554 1640 2612 belli
1667 2554 1884 2631 peritus
1913 2554 2038 2625 suit,
2068 2565 2127 2612 et

328 2649 387 2707 id
414 2650 566 2725 quod
595 2649 653 2707 in
683 2661 928 2725 tyranno
956 2669 1077 2708 non
1103 2648 1275 2707 facile
1322 2648 1622 2726 reperitur,
1671 2646 1910 2705 minime
1959 2646 2148 2705 libidi-

327 2763 523 2816 nosus,
551 2762 669 2802 non
696 2743 1044 2816 luxuriosuS,
1072 2763 1191 2803 non
1242 2762 1468 2815 avarus,
1511 2742 1729 2801 nullius
1766 2741 1850 2801 rei
1896 2741 2147 2818 denique

327 2838 593 2915 cupidus,
623 2837 736 2896 nisi
764 2837 1074 2913 singularis
1101 2839 1476 2915 perpetuique
1505 2837 1751 2913 imperii,
1794 2837 1870 2895 ob
1905 2855 2148 2913 eamque
2186 2836 2266 2894 25

328 2952 449 2991 rem
492 2932 761 2990 crudelis.
845 2932 1001 2990 Nam
1057 2932 1195 2989 dum
1250 2931 1308 2989 id
1366 2931 1584 2991 studuit
1632 2932 1879 3002 munire,
1930 2931 2149 2988 nullius

326 3027 584 3103 pepercit
629 3026 777 3099 vitae,
831 3045 1002 3101 quem
1050 3026 1177 3102 ejus
1232 3026 1624 3084 insidiatorem
1672 3036 1915 3101 putaret.
2028 3025 2149 3083 Hic

326 3140 503 3196 quum
531 3121 739 3179 virtute
793 3119 1161 3196 tyrannidem
1190 3118 1301 3177 sibi
1337 3119 1673 3195 peperisset,
1720 3119 1934 3194 magna
1975 3118 2150 3176 retin-

327 3215 411 3274 uit
440 3214 733 3288 felicitate,
763 3217 1057 3291 majorque
1088 3234 1272 3273 annos
1308 3213 1612 3290 sexaginta
1653 3224 1846 3284 natue,
1895 3212 2150 3271 decessit

328 3309 567 3368 florente
621 3329 820 3386 regno.
929 3310 1137 3384 Neque
1192 3310 1252 3366 in
1307 3320 1426 3367 tam
1480 3307 1676 3365 multis
1726 3306 1895 3364 annis
1956 3307 2149 3383 cujus-
2186 3307 2266 3365 30

326 3423 500 3479 quam
526 3424 600 3461 ex
627 3404 732 3462 sua
761 3404 937 3480 stirpe
968 3405 1142 3462 funus
1185 3403 1345 3475 vidit,
1389 3421 1566 3479 quum
1615 3420 1688 3458 ex
1730 3400 1915 3459 tribus
1961 3401 2151 3460 uxori-

328 3499 437 3555 bus
463 3499 674 3566 liberos
700 3501 1062 3576 procreasset
1089 3498 1369 3573 multique
1397 3497 1451 3554 ei
1490 3496 1611 3555 nati
1653 3508 1847 3555 essent
1891 3508 2145 3572 nepotes.

408 3592 523 3651 ΙΙΙ.
608 3594 873 3654 Fuerunt
897 3607 1176 3672 praeterea
1202 3592 1365 3650 multi
1395 3611 1564 3669 reges
1604 3612 1677 3650 ex
1722 3590 1924 3649 amicis
1973 3590 2151 3649 Alex-
